date,price,qty,trnvr,cum_trnvr
09:15:00 AM,44.75,600,26850.0,26850.0
09:15:00 AM,54.75,0,0.0,26850.0
09:15:01 AM,53.5,0,0.0,26850.0
09:15:01 AM,53.5,1700,90950.0,117800.0
09:15:02 AM,53.6,0,0.0,117800.0
09:15:02 AM,53.6,4800,257280.0,375080.0
09:15:03 AM,55.75,0,0.0,375080.0
09:15:03 AM,54.5,1900,103550.0,478630.0
09:15:04 AM,53.9,0,0.0,478630.0
09:15:04 AM,54.95,2950,162102.5,640732.5
09:15:05 AM,54.75,0,0.0,640732.5
09:15:06 AM,53.9,4950,266805.0,907537.5
09:15:06 AM,53.5,0,0.0,907537.5
09:15:07 AM,53.6,2000,107200.0,1014737.5
09:15:08 AM,53.4,0,0.0,1014737.5
09:15:08 AM,53.75,1450,77937.5,1092675.0
09:15:09 AM,54.45,0,0.0,1092675.0
09:15:09 AM,54.4,975,53040.0,1145715.0
09:15:10 AM,54.7,0,0.0,1145715.0
09:15:11 AM,54.85,2525,138496.25,1284211.25
09:15:12 AM,54.45,1275,69423.75,1353635.0
09:15:12 AM,54.5,0,0.0,1353635.0
09:15:13 AM,56.1,0,0.0,1353635.0
09:15:13 AM,56.1,6900,387090.0,1740725.0
09:15:14 AM,56.45,0,0.0,1740725.0
09:15:14 AM,56.6,9875,558925.0,2299650.0
09:15:15 AM,57.95,0,0.0,2299650.0
09:15:16 AM,56.6,2650,149990.0,2449640.0
09:15:16 AM,56.3,0,0.0,2449640.0
09:15:17 AM,56.4,0,0.0,2449640.0
09:15:17 AM,56.1,4750,266475.0,2716115.0
09:15:18 AM,55.35,0,0.0,2716115.0
09:15:18 AM,55.55,5650,313857.5,3029972.5
09:15:19 AM,55.6,0,0.0,3029972.5
09:15:19 AM,56.0,1750,98000.0,3127972.5
09:15:20 AM,55.75,0,0.0,3127972.5
09:15:21 AM,55.2,2400,132480.0,3260452.5
09:15:22 AM,55.0,0,0.0,3260452.5
09:15:22 AM,55.0,5500,302500.0,3562952.5
09:15:23 AM,55.35,0,0.0,3562952.5
09:15:23 AM,55.8,2875,160425.0,3723377.5
09:15:24 AM,55.55,0,0.0,3723377.5
09:15:25 AM,56.05,0,0.0,3723377.5
09:15:25 AM,56.05,1975,110698.75,3834076.25
09:15:26 AM,55.85,0,0.0,3834076.25
09:15:26 AM,55.9,1350,75465.0,3909541.25
09:15:27 AM,56.05,0,0.0,3909541.25
09:15:27 AM,56.3,600,33780.0,3943321.25
09:15:28 AM,55.95,0,0.0,3943321.25
09:15:29 AM,55.5,0,0.0,3943321.25
09:15:29 AM,55.65,6050,336682.5,4280003.75
09:15:30 AM,55.5,0,0.0,4280003.75
09:15:30 AM,56.1,2200,123420.0,4403423.75
09:15:31 AM,55.4,0,0.0,4403423.75
09:15:31 AM,55.15,3750,206812.5,4610236.25
09:15:32 AM,54.9,0,0.0,4610236.25
09:15:33 AM,55.3,0,0.0,4610236.25
09:15:33 AM,55.3,4700,259910.0,4870146.25
09:15:34 AM,55.7,0,0.0,4870146.25
09:15:34 AM,56.35,2700,152145.0,5022291.25
09:15:35 AM,56.45,0,0.0,5022291.25
09:15:36 AM,56.7,650,36855.0,5059146.25
09:15:36 AM,56.65,0,0.0,5059146.25
09:15:37 AM,56.85,0,0.0,5059146.25
09:15:37 AM,56.9,1500,85350.0,5144496.25
09:15:38 AM,56.1,0,0.0,5144496.25
09:15:38 AM,55.9,4900,273910.0,5418406.25
09:15:39 AM,56.4,0,0.0,5418406.25
09:15:40 AM,56.15,0,0.0,5418406.25
09:15:40 AM,55.9,5625,314437.5,5732843.75
09:15:41 AM,56.25,0,0.0,5732843.75
09:15:41 AM,56.25,3200,180000.0,5912843.75
09:15:42 AM,56.6,0,0.0,5912843.75
09:15:42 AM,56.85,3500,198975.0,6111818.75
09:15:43 AM,58.3,0,0.0,6111818.75
09:15:44 AM,58.55,0,0.0,6111818.75
09:15:44 AM,58.35,11600,676860.0,6788678.75
09:15:45 AM,58.1,0,0.0,6788678.75
09:15:45 AM,58.1,4600,267260.0,7055938.75
09:15:46 AM,58.15,0,0.0,7055938.75
09:15:46 AM,57.8,2375,137275.0,7193213.75
09:15:47 AM,57.05,0,0.0,7193213.75
09:15:48 AM,56.85,2525,143546.25,7336760.0
09:15:49 AM,57.45,0,0.0,7336760.0
09:15:49 AM,57.65,2150,123947.5,7460707.5
09:15:50 AM,57.55,0,0.0,7460707.5
09:15:50 AM,57.65,1850,106652.5,7567360.0
09:15:51 AM,57.95,0,0.0,7567360.0
09:15:52 AM,57.75,1600,92400.0,7659760.0
09:15:52 AM,57.4,0,0.0,7659760.0
09:15:53 AM,58.15,0,0.0,7659760.0
09:15:53 AM,58.15,3050,177357.5,7837117.5
09:15:54 AM,58.1,0,0.0,7837117.5
09:15:54 AM,58.1,2250,130725.0,7967842.5
09:15:55 AM,58.2,0,0.0,7967842.5
09:15:56 AM,58.4,0,0.0,7967842.5
09:15:56 AM,58.4,600,35040.0,8002882.5
09:15:57 AM,58.65,0,0.0,8002882.5
09:15:57 AM,58.4,4450,259880.0,8262762.5
09:15:58 AM,58.3,0,0.0,8262762.5
09:15:59 AM,58.4,3500,204400.0,8467162.5
09:15:59 AM,57.9,0,0.0,8467162.5
09:16:00 AM,57.6,0,0.0,8467162.5
09:16:00 AM,57.9,7550,437145.0,8904307.5
09:16:02 AM,57.5,5100,293250.0,9197557.5
09:16:03 AM,57.8,0,0.0,9197557.5
09:16:03 AM,57.65,5025,289691.25,9487248.75
09:16:04 AM,58.2,775,45105.0,9532353.75
09:16:05 AM,57.75,0,0.0,9532353.75
09:16:06 AM,58.05,3450,200272.5,9732626.25
09:16:07 AM,57.9,1725,99877.5,9832503.75
09:16:08 AM,58.1,0,0.0,9832503.75
09:16:09 AM,58.45,0,0.0,9832503.75
09:16:09 AM,58.45,4850,283482.5,10115986.25
09:16:10 AM,59.5,0,0.0,10115986.25
09:16:10 AM,59.65,11875,708343.75,10824330.0
09:16:11 AM,59.55,0,0.0,10824330.0
09:16:12 AM,59.6,5375,320350.0,11144680.0
09:16:12 AM,59.9,0,0.0,11144680.0
09:16:13 AM,59.05,0,0.0,11144680.0
09:16:13 AM,59.0,3325,196175.0,11340855.0
09:16:14 AM,59.3,0,0.0,11340855.0
09:16:15 AM,59.55,825,49128.75,11389983.75
09:16:15 AM,61.15,0,0.0,11389983.75
09:16:16 AM,60.8,0,0.0,11389983.75
09:16:16 AM,60.75,25400,1543050.0,12933033.75
09:16:17 AM,59.8,0,0.0,12933033.75
09:16:17 AM,60.1,1800,108180.0,13041213.75
09:16:18 AM,60.0,0,0.0,13041213.75
09:16:19 AM,59.7,2825,168652.5,13209866.25
09:16:19 AM,59.9,0,0.0,13209866.25
09:16:20 AM,60.0,2225,133500.0,13343366.25
09:16:21 AM,59.6,0,0.0,13343366.25
09:16:22 AM,59.65,5950,354917.5,13698283.75
09:16:23 AM,59.1,0,0.0,13698283.75
09:16:23 AM,59.35,2400,142440.0,13840723.75
09:16:24 AM,59.9,0,0.0,13840723.75
09:16:25 AM,59.4,1800,106920.0,13947643.75
09:16:26 AM,59.25,0,0.0,13947643.75
09:16:26 AM,59.6,5225,311410.0,14259053.75
09:16:27 AM,59.85,0,0.0,14259053.75
09:16:28 AM,60.2,2475,148995.0,14408048.75
09:16:28 AM,60.3,0,0.0,14408048.75
09:16:29 AM,60.75,0,0.0,14408048.75
09:16:29 AM,60.8,2900,176320.0,14584368.75
09:16:30 AM,60.7,0,0.0,14584368.75
09:16:30 AM,60.7,1000,60700.0,14645068.75
09:16:32 AM,60.1,4250,255425.0,14900493.75
09:16:33 AM,60.0,0,0.0,14900493.75
09:16:33 AM,60.0,725,43500.0,14943993.75
09:16:34 AM,60.55,0,0.0,14943993.75
09:16:35 AM,60.75,900,54675.0,14998668.75
09:16:35 AM,60.85,0,0.0,14998668.75
09:16:36 AM,61.4,0,0.0,14998668.75
09:16:36 AM,60.8,5525,335920.0,15334588.75
09:16:37 AM,60.65,0,0.0,15334588.75
09:16:37 AM,60.0,925,55500.0,15390088.75
09:16:38 AM,60.25,0,0.0,15390088.75
09:16:39 AM,59.45,0,0.0,15390088.75
09:16:39 AM,59.45,2200,130790.0,15520878.75
09:16:40 AM,60.5,0,0.0,15520878.75
09:16:40 AM,59.95,3550,212822.5,15733701.25
09:16:41 AM,60.6,0,0.0,15733701.25
09:16:42 AM,61.8,15900,982620.0,16716321.25
09:16:42 AM,61.55,0,0.0,16716321.25
09:16:43 AM,61.65,0,0.0,16716321.25
09:16:43 AM,61.4,2525,155035.0,16871356.25
09:16:45 AM,61.45,1675,102928.75,16974285.0
09:16:45 AM,62.15,0,0.0,16974285.0
09:16:46 AM,61.9,0,0.0,16974285.0
09:16:46 AM,61.9,1550,95945.0,17070230.0
09:16:47 AM,61.75,0,0.0,17070230.0
09:16:47 AM,62.0,2125,131750.0,17201980.0
09:16:48 AM,62.35,0,0.0,17201980.0
09:16:49 AM,61.75,2225,137393.75,17339373.75
09:16:49 AM,62.0,0,0.0,17339373.75
09:16:50 AM,61.7,0,0.0,17339373.75
09:16:50 AM,61.6,3150,194040.0,17533413.75
09:16:51 AM,62.25,0,0.0,17533413.75
09:16:51 AM,61.7,5625,347062.5,17880476.25
09:16:52 AM,61.75,0,0.0,17880476.25
09:16:53 AM,61.35,1750,107362.5,17987838.75
09:16:53 AM,61.2,0,0.0,17987838.75
09:16:54 AM,61.05,0,0.0,17987838.75
09:16:54 AM,61.0,2625,160125.0,18147963.75
09:16:55 AM,60.85,0,0.0,18147963.75
09:16:56 AM,60.55,2600,157430.0,18305393.75
09:16:56 AM,60.5,0,0.0,18305393.75
09:16:57 AM,60.7,1550,94085.0,18399478.75
09:16:58 AM,60.55,0,0.0,18399478.75
09:16:58 AM,60.65,1125,68231.25,18467710.0
09:16:59 AM,61.05,0,0.0,18467710.0
09:17:00 AM,60.65,3400,206210.0,18673920.0
09:17:00 AM,61.65,0,0.0,18673920.0
09:17:01 AM,61.6,0,0.0,18673920.0
09:17:01 AM,61.35,4900,300615.0,18974535.0
09:17:02 AM,62.05,0,0.0,18974535.0
09:17:02 AM,62.55,2050,128227.5,19102762.5
09:17:03 AM,62.05,0,0.0,19102762.5
09:17:04 AM,62.5,4325,270312.5,19373075.0
09:17:04 AM,62.8,0,0.0,19373075.0
09:17:05 AM,62.9,0,0.0,19373075.0
09:17:05 AM,62.9,8025,504772.5,19877847.5
09:17:06 AM,62.5,0,0.0,19877847.5
09:17:07 AM,63.0,2125,133875.0,20011722.5
09:17:08 AM,62.5,0,0.0,20011722.5
09:17:08 AM,62.8,1275,80070.0,20091792.5
09:17:09 AM,62.85,0,0.0,20091792.5
09:17:09 AM,62.6,875,54775.0,20146567.5
09:17:10 AM,62.0,0,0.0,20146567.5
09:17:11 AM,61.9,2475,153202.5,20299770.0
09:17:11 AM,61.85,0,0.0,20299770.0
09:17:12 AM,61.5,0,0.0,20299770.0
09:17:12 AM,61.7,2250,138825.0,20438595.0
09:17:13 AM,61.45,0,0.0,20438595.0
09:17:14 AM,61.1,500,30550.0,20469145.0
09:17:15 AM,60.5,0,0.0,20469145.0
09:17:15 AM,60.1,2500,150250.0,20619395.0
09:17:16 AM,59.55,0,0.0,20619395.0
09:17:17 AM,59.4,4150,246510.0,20865905.0
09:17:17 AM,59.55,0,0.0,20865905.0
09:17:18 AM,59.3,0,0.0,20865905.0
09:17:18 AM,59.35,4225,250753.75,21116658.75
09:17:19 AM,58.6,0,0.0,21116658.75
09:17:19 AM,58.65,5050,296182.5,21412841.25
09:17:20 AM,58.55,0,0.0,21412841.25
09:17:21 AM,59.4,0,0.0,21412841.25
09:17:21 AM,59.4,2875,170775.0,21583616.25
09:17:22 AM,59.45,0,0.0,21583616.25
09:17:22 AM,60.0,3275,196500.0,21780116.25
09:17:23 AM,59.9,0,0.0,21780116.25
09:17:24 AM,60.0,2250,135000.0,21915116.25
09:17:25 AM,59.95,0,0.0,21915116.25
09:17:25 AM,59.45,3125,185781.25,22100897.5
09:17:26 AM,59.3,0,0.0,22100897.5
09:17:26 AM,60.0,1125,67500.0,22168397.5
09:17:27 AM,60.05,0,0.0,22168397.5
09:17:28 AM,60.0,3275,196500.0,22364897.5
09:17:28 AM,60.15,0,0.0,22364897.5
09:17:29 AM,60.0,3975,238500.0,22603397.5
09:17:30 AM,59.85,10275,614958.75,23218356.25
09:17:31 AM,60.0,0,0.0,23218356.25
09:17:32 AM,60.1,1075,64607.5,23282963.75
09:17:33 AM,59.95,3350,200832.5,23483796.25
09:17:34 AM,59.6,0,0.0,23483796.25
09:17:34 AM,59.4,2325,138105.0,23621901.25
09:17:35 AM,59.65,0,0.0,23621901.25
09:17:36 AM,59.4,400,23760.0,23645661.25
09:17:37 AM,59.3,0,0.0,23645661.25
09:17:37 AM,59.3,2600,154180.0,23799841.25
09:17:38 AM,59.2,0,0.0,23799841.25
09:17:38 AM,59.15,275,16266.25,23816107.5
09:17:39 AM,59.2,0,0.0,23816107.5
09:17:40 AM,59.15,1450,85767.5,23901875.0
09:17:40 AM,59.0,0,0.0,23901875.0
09:17:41 AM,58.65,2325,136361.25,24038236.25
09:17:42 AM,58.4,0,0.0,24038236.25
09:17:42 AM,58.25,2600,151450.0,24189686.25
09:17:43 AM,58.2,0,0.0,24189686.25
09:17:44 AM,57.95,0,0.0,24189686.25
09:17:44 AM,57.95,3925,227453.75,24417140.0
09:17:45 AM,57.7,0,0.0,24417140.0
09:17:45 AM,57.2,3400,194480.0,24611620.0
09:17:46 AM,57.1,0,0.0,24611620.0
09:17:47 AM,57.1,3100,177010.0,24788630.0
09:17:48 AM,57.35,0,0.0,24788630.0
09:17:48 AM,57.45,2975,170913.75,24959543.75
09:17:49 AM,57.7,0,0.0,24959543.75
09:17:50 AM,57.7,2400,138480.0,25098023.75
09:17:50 AM,57.75,0,0.0,25098023.75
09:17:51 AM,57.85,5450,315282.5,25413306.25
09:17:52 AM,58.1,3375,196087.5,25609393.75
09:17:53 AM,57.75,0,0.0,25609393.75
09:17:53 AM,57.9,1875,108562.5,25717956.25
09:17:54 AM,57.85,0,0.0,25717956.25
09:17:55 AM,57.7,1875,108187.5,25826143.75
09:17:56 AM,57.6,0,0.0,25826143.75
09:17:56 AM,57.6,4100,236160.0,26062303.75
09:17:57 AM,58.0,0,0.0,26062303.75
09:17:57 AM,58.0,2100,121800.0,26184103.75
09:17:58 AM,57.8,0,0.0,26184103.75
09:17:59 AM,57.95,0,0.0,26184103.75
09:17:59 AM,57.85,3100,179335.0,26363438.75
09:18:00 AM,57.75,0,0.0,26363438.75
09:18:00 AM,57.9,7075,409642.5,26773081.25
09:18:01 AM,58.0,0,0.0,26773081.25
09:18:02 AM,58.15,3350,194802.5,26967883.75
09:18:03 AM,57.9,0,0.0,26967883.75
09:18:03 AM,57.85,1475,85328.75,27053212.5
09:18:04 AM,58.0,0,0.0,27053212.5
09:18:04 AM,58.2,1375,80025.0,27133237.5
09:18:05 AM,58.3,0,0.0,27133237.5
09:18:06 AM,58.2,1375,80025.0,27213262.5
09:18:07 AM,58.65,0,0.0,27213262.5
09:18:07 AM,58.65,3300,193545.0,27406807.5
09:18:08 AM,58.55,0,0.0,27406807.5
09:18:09 AM,58.4,6675,389820.0,27796627.5
09:18:09 AM,58.1,0,0.0,27796627.5
09:18:10 AM,57.75,0,0.0,27796627.5
09:18:10 AM,57.6,4525,260640.0,28057267.5
09:18:11 AM,57.9,0,0.0,28057267.5
09:18:11 AM,56.65,5150,291747.5,28349015.0
09:18:12 AM,56.95,0,0.0,28349015.0
09:18:13 AM,56.5,0,0.0,28349015.0
09:18:13 AM,56.5,2100,118650.0,28467665.0
09:18:14 AM,56.4,0,0.0,28467665.0
09:18:14 AM,56.55,3250,183787.5,28651452.5
09:18:15 AM,56.2,0,0.0,28651452.5
09:18:16 AM,56.35,1975,111291.25,28762743.75
09:18:17 AM,56.1,0,0.0,28762743.75
09:18:17 AM,56.1,1050,58905.0,28821648.75
09:18:18 AM,56.45,0,0.0,28821648.75
09:18:18 AM,55.95,675,37766.25,28859415.0
09:18:20 AM,56.25,4375,246093.75,29105508.75
09:18:20 AM,56.2,0,0.0,29105508.75
09:18:21 AM,55.55,0,0.0,29105508.75
09:18:21 AM,55.9,3750,209625.0,29315133.75
09:18:22 AM,55.95,0,0.0,29315133.75
09:18:22 AM,55.85,1775,99133.75,29414267.5
09:18:23 AM,56.05,0,0.0,29414267.5
09:18:24 AM,56.25,0,0.0,29414267.5
09:18:24 AM,56.25,1400,78750.0,29493017.5
09:18:25 AM,56.1,0,0.0,29493017.5
09:18:26 AM,56.4,0,0.0,29493017.5
09:18:26 AM,56.4,5250,296100.0,29789117.5
09:18:28 AM,56.4,2150,121260.0,29910377.5
09:18:28 AM,55.8,0,0.0,29910377.5
09:18:29 AM,55.5,0,0.0,29910377.5
09:18:29 AM,55.5,2525,140137.5,30050515.0
09:18:30 AM,55.35,0,0.0,30050515.0
09:18:31 AM,54.3,1825,99097.5,30149612.5
09:18:31 AM,54.55,0,0.0,30149612.5
09:18:32 AM,54.65,0,0.0,30149612.5
09:18:33 AM,54.65,2875,157118.75,30306731.25
09:18:33 AM,54.5,0,0.0,30306731.25
09:18:34 AM,53.9,0,0.0,30306731.25
09:18:34 AM,53.9,1450,78155.0,30384886.25
09:18:35 AM,53.8,0,0.0,30384886.25
09:18:36 AM,53.4,2875,153525.0,30538411.25
09:18:36 AM,53.65,0,0.0,30538411.25
09:18:37 AM,54.1,0,0.0,30538411.25
09:18:38 AM,53.1,10700,568170.0,31106581.25
09:18:38 AM,53.0,0,0.0,31106581.25
09:18:39 AM,53.05,0,0.0,31106581.25
09:18:39 AM,52.55,7750,407262.5,31513843.75
09:18:40 AM,53.7,0,0.0,31513843.75
09:18:41 AM,54.3,3475,188692.5,31702536.25
09:18:42 AM,54.35,0,0.0,31702536.25
09:18:43 AM,54.35,1925,104623.75,31807160.0
09:18:43 AM,54.25,0,0.0,31807160.0
09:18:44 AM,54.0,0,0.0,31807160.0
09:18:44 AM,54.4,4225,229840.0,32037000.0
09:18:45 AM,54.35,0,0.0,32037000.0
09:18:46 AM,54.3,3350,181905.0,32218905.0
09:18:46 AM,54.35,0,0.0,32218905.0
09:18:47 AM,54.65,0,0.0,32218905.0
09:18:48 AM,54.6,1425,77805.0,32296710.0
09:18:48 AM,53.9,0,0.0,32296710.0
09:18:49 AM,53.55,0,0.0,32296710.0
09:18:49 AM,53.55,1050,56227.5,32352937.5
09:18:50 AM,52.95,0,0.0,32352937.5
09:18:51 AM,53.05,3125,165781.25,32518718.75
09:18:52 AM,53.35,0,0.0,32518718.75
09:18:53 AM,53.55,1975,105761.25,32624480.0
09:18:54 AM,53.6,0,0.0,32624480.0
09:18:54 AM,53.45,2275,121598.75,32746078.75
09:18:55 AM,52.9,0,0.0,32746078.75
09:18:56 AM,53.65,4725,253496.25,32999575.0
09:18:57 AM,53.85,0,0.0,32999575.0
09:18:58 AM,53.65,1650,88522.5,33088097.5
09:18:58 AM,53.75,0,0.0,33088097.5
09:18:59 AM,54.25,0,0.0,33088097.5
09:18:59 AM,54.25,2075,112568.75,33200666.25
09:19:00 AM,54.8,0,0.0,33200666.25
09:19:01 AM,54.8,5175,283590.0,33484256.25
09:19:01 AM,54.85,0,0.0,33484256.25
09:19:02 AM,54.95,0,0.0,33484256.25
09:19:03 AM,55.0,4275,235125.0,33719381.25
09:19:04 AM,54.9,0,0.0,33719381.25
09:19:04 AM,54.9,1525,83722.5,33803103.75
09:19:05 AM,54.5,0,0.0,33803103.75
09:19:06 AM,54.5,1425,77662.5,33880766.25
09:19:07 AM,54.65,0,0.0,33880766.25
09:19:08 AM,54.7,800,43760.0,33924526.25
09:19:08 AM,55.1,0,0.0,33924526.25
09:19:09 AM,54.4,0,0.0,33924526.25
09:19:09 AM,54.4,1750,95200.0,34019726.25
09:19:10 AM,54.15,0,0.0,34019726.25
09:19:11 AM,54.05,5625,304031.25,34323757.5
09:19:12 AM,54.6,0,0.0,34323757.5
09:19:13 AM,55.0,1350,74250.0,34398007.5
09:19:14 AM,54.8,0,0.0,34398007.5
09:19:14 AM,54.8,425,23290.0,34421297.5
09:19:15 AM,54.9,0,0.0,34421297.5
09:19:16 AM,54.6,2800,152880.0,34574177.5
09:19:17 AM,54.55,0,0.0,34574177.5
09:19:18 AM,54.3,2400,130320.0,34704497.5
09:19:18 AM,54.6,0,0.0,34704497.5
09:19:19 AM,53.85,0,0.0,34704497.5
09:19:19 AM,53.85,1500,80775.0,34785272.5
09:19:20 AM,54.3,0,0.0,34785272.5
09:19:21 AM,55.1,2275,125352.5,34910625.0
09:19:21 AM,55.2,0,0.0,34910625.0
09:19:22 AM,54.6,0,0.0,34910625.0
09:19:23 AM,54.3,2075,112672.5,35023297.5
09:19:23 AM,54.15,0,0.0,35023297.5
09:19:24 AM,54.9,0,0.0,35023297.5
09:19:24 AM,54.6,1950,106470.0,35129767.5
09:19:25 AM,55.15,0,0.0,35129767.5
09:19:26 AM,55.45,2400,133080.0,35262847.5
09:19:28 AM,55.5,2675,148462.5,35411310.0
09:19:28 AM,55.2,0,0.0,35411310.0
09:19:29 AM,55.45,0,0.0,35411310.0
09:19:29 AM,55.45,750,41587.5,35452897.5
09:19:30 AM,55.05,0,0.0,35452897.5
09:19:31 AM,54.95,2000,109900.0,35562797.5
09:19:32 AM,55.2,0,0.0,35562797.5
09:19:33 AM,55.0,325,17875.0,35580672.5
09:19:34 AM,55.8,0,0.0,35580672.5
09:19:34 AM,55.95,1875,104906.25,35685578.75
09:19:35 AM,56.1,0,0.0,35685578.75
09:19:36 AM,56.65,1500,84975.0,35770553.75
09:19:36 AM,56.4,0,0.0,35770553.75
09:19:37 AM,56.3,0,0.0,35770553.75
09:19:38 AM,56.15,1500,84225.0,35854778.75
09:19:38 AM,56.05,0,0.0,35854778.75
09:19:39 AM,55.9,0,0.0,35854778.75
09:19:39 AM,55.9,2250,125775.0,35980553.75
09:19:40 AM,56.1,0,0.0,35980553.75
09:19:41 AM,56.25,950,53437.5,36033991.25
09:19:41 AM,56.15,0,0.0,36033991.25
09:19:42 AM,56.05,0,0.0,36033991.25
09:19:43 AM,56.2,1450,81490.0,36115481.25
09:19:43 AM,56.8,0,0.0,36115481.25
09:19:44 AM,57.0,0,0.0,36115481.25
09:19:44 AM,56.9,12950,736855.0,36852336.25
09:19:45 AM,57.2,0,0.0,36852336.25
09:19:46 AM,57.25,2050,117362.5,36969698.75
09:19:46 AM,57.2,0,0.0,36969698.75
09:19:47 AM,56.85,0,0.0,36969698.75
09:19:48 AM,56.75,1050,59587.5,37029286.25
09:19:48 AM,57.0,0,0.0,37029286.25
09:19:49 AM,56.9,0,0.0,37029286.25
09:19:49 AM,56.9,1500,85350.0,37114636.25
09:19:50 AM,56.6,0,0.0,37114636.25
09:19:51 AM,56.7,1375,77962.5,37192598.75
09:19:51 AM,56.75,0,0.0,37192598.75
09:19:52 AM,56.9,0,0.0,37192598.75
09:19:53 AM,56.9,8250,469425.0,37662023.75
09:19:54 AM,57.0,0,0.0,37662023.75
09:19:54 AM,56.75,400,22700.0,37684723.75
09:19:55 AM,57.0,0,0.0,37684723.75
09:19:56 AM,57.0,2075,118275.0,37802998.75
09:19:56 AM,57.25,0,0.0,37802998.75
09:19:57 AM,56.95,0,0.0,37802998.75
09:19:58 AM,56.9,2425,137982.5,37940981.25
09:19:58 AM,57.05,0,0.0,37940981.25
09:19:59 AM,57.0,0,0.0,37940981.25
09:19:59 AM,57.0,1100,62700.0,38003681.25
09:20:00 AM,57.75,0,0.0,38003681.25
09:20:01 AM,57.9,11575,670192.5,38673873.75
09:20:01 AM,57.85,0,0.0,38673873.75
09:20:02 AM,57.75,0,0.0,38673873.75
09:20:03 AM,57.6,4250,244800.0,38918673.75
09:20:03 AM,57.75,0,0.0,38918673.75
09:20:04 AM,57.45,1625,93356.25,39012030.0
09:20:06 AM,57.6,1750,100800.0,39112830.0
09:20:06 AM,57.3,0,0.0,39112830.0
09:20:08 AM,57.35,2725,156278.75,39269108.75
09:20:08 AM,57.45,0,0.0,39269108.75
09:20:09 AM,57.7,0,0.0,39269108.75
09:20:09 AM,57.7,17550,1012635.0,40281743.75
09:20:10 AM,57.9,0,0.0,40281743.75
09:20:11 AM,58.3,1400,81620.0,40363363.75
09:20:12 AM,57.55,0,0.0,40363363.75
09:20:13 AM,57.45,2425,139316.25,40502680.0
09:20:13 AM,57.5,0,0.0,40502680.0
09:20:14 AM,56.95,0,0.0,40502680.0
09:20:14 AM,56.95,5025,286173.75,40788853.75
09:20:15 AM,56.45,0,0.0,40788853.75
09:20:16 AM,57.05,2600,148330.0,40937183.75
09:20:16 AM,57.15,0,0.0,40937183.75
09:20:17 AM,56.9,0,0.0,40937183.75
09:20:18 AM,57.2,1950,111540.0,41048723.75
09:20:19 AM,57.3,0,0.0,41048723.75
09:20:19 AM,57.3,200,11460.0,41060183.75
09:20:20 AM,57.4,0,0.0,41060183.75
09:20:21 AM,57.8,1000,57800.0,41117983.75
09:20:21 AM,57.75,0,0.0,41117983.75
09:20:22 AM,58.15,0,0.0,41117983.75
09:20:23 AM,58.1,3525,204802.5,41322786.25
09:20:23 AM,58.25,0,0.0,41322786.25
09:20:24 AM,58.6,0,0.0,41322786.25
09:20:24 AM,58.6,3150,184590.0,41507376.25
09:20:25 AM,58.5,0,0.0,41507376.25
09:20:26 AM,59.0,1400,82600.0,41589976.25
09:20:27 AM,58.95,0,0.0,41589976.25
09:20:28 AM,58.5,1175,68737.5,41658713.75
09:20:29 AM,57.95,0,0.0,41658713.75
09:20:29 AM,57.95,1475,85476.25,41744190.0
09:20:30 AM,57.45,0,0.0,41744190.0
09:20:31 AM,57.35,1350,77422.5,41821612.5
09:20:31 AM,57.3,0,0.0,41821612.5
09:20:33 AM,57.4,2425,139195.0,41960807.5
09:20:34 AM,57.65,0,0.0,41960807.5
09:20:34 AM,57.9,2575,149092.5,42109900.0
09:20:36 AM,57.65,1900,109535.0,42219435.0
09:20:37 AM,57.4,0,0.0,42219435.0
09:20:38 AM,57.05,3575,203953.75,42423388.75
09:20:39 AM,57.2,0,0.0,42423388.75
09:20:39 AM,56.7,2125,120487.5,42543876.25
09:20:40 AM,56.55,0,0.0,42543876.25
09:20:41 AM,57.5,2250,129375.0,42673251.25
09:20:41 AM,57.45,0,0.0,42673251.25
09:20:43 AM,57.55,850,48917.5,42722168.75
09:20:43 AM,57.65,0,0.0,42722168.75
09:20:44 AM,58.0,0,0.0,42722168.75
09:20:44 AM,57.95,275,15936.25,42738105.0
09:20:45 AM,58.0,0,0.0,42738105.0
09:20:46 AM,57.55,2050,117977.5,42856082.5
09:20:47 AM,56.8,0,0.0,42856082.5
09:20:48 AM,56.85,2650,150652.5,43006735.0
09:20:48 AM,57.1,0,0.0,43006735.0
09:20:49 AM,57.05,0,0.0,43006735.0
09:20:49 AM,56.9,2050,116645.0,43123380.0
09:20:50 AM,57.05,0,0.0,43123380.0
09:20:51 AM,57.15,675,38576.25,43161956.25
09:20:51 AM,56.8,0,0.0,43161956.25
09:20:52 AM,57.6,0,0.0,43161956.25
09:20:53 AM,57.45,18125,1041281.25,44203237.5
09:20:53 AM,57.4,0,0.0,44203237.5
09:20:54 AM,57.45,0,0.0,44203237.5
09:20:54 AM,57.75,10000,577500.0,44780737.5
09:20:55 AM,58.2,0,0.0,44780737.5
09:20:56 AM,57.95,2750,159362.5,44940100.0
09:20:56 AM,58.1,0,0.0,44940100.0
09:20:57 AM,57.95,0,0.0,44940100.0
09:20:58 AM,57.6,800,46080.0,44986180.0
09:20:59 AM,57.1,0,0.0,44986180.0
09:20:59 AM,57.1,375,21412.5,45007592.5
09:21:00 AM,57.15,0,0.0,45007592.5
09:21:01 AM,56.85,3725,211766.25,45219358.75
09:21:01 AM,56.9,0,0.0,45219358.75
09:21:02 AM,57.5,0,0.0,45219358.75
09:21:03 AM,57.6,4925,283680.0,45503038.75
09:21:04 AM,58.1,0,0.0,45503038.75
09:21:04 AM,58.5,1500,87750.0,45590788.75
09:21:05 AM,58.15,0,0.0,45590788.75
09:21:06 AM,58.0,2275,131950.0,45722738.75
09:21:07 AM,57.8,0,0.0,45722738.75
09:21:08 AM,57.5,350,20125.0,45742863.75
09:21:09 AM,57.25,0,0.0,45742863.75
09:21:09 AM,57.15,2225,127158.75,45870022.5
09:21:10 AM,57.35,0,0.0,45870022.5
09:21:11 AM,57.1,1125,64237.5,45934260.0
09:21:12 AM,57.65,0,0.0,45934260.0
09:21:13 AM,57.65,2625,151331.25,46085591.25
09:21:13 AM,57.7,0,0.0,46085591.25
09:21:14 AM,57.4,0,0.0,46085591.25
09:21:14 AM,57.55,1175,67621.25,46153212.5
09:21:15 AM,57.65,0,0.0,46153212.5
09:21:16 AM,57.85,1650,95452.5,46248665.0
09:21:16 AM,57.9,0,0.0,46248665.0
09:21:17 AM,58.05,0,0.0,46248665.0
09:21:18 AM,57.9,3100,179490.0,46428155.0
09:21:18 AM,58.3,0,0.0,46428155.0
09:21:19 AM,58.2,0,0.0,46428155.0
09:21:19 AM,58.45,4550,265947.5,46694102.5
09:21:21 AM,59.1,4700,277770.0,46971872.5
09:21:22 AM,58.45,0,0.0,46971872.5
09:21:23 AM,58.65,1400,82110.0,47053982.5
09:21:23 AM,58.7,0,0.0,47053982.5
09:21:24 AM,58.45,0,0.0,47053982.5
09:21:24 AM,58.25,1425,83006.25,47136988.75
09:21:25 AM,58.4,0,0.0,47136988.75
09:21:26 AM,58.1,975,56647.5,47193636.25
09:21:27 AM,58.7,0,0.0,47193636.25
09:21:28 AM,58.8,2425,142590.0,47336226.25
09:21:28 AM,58.3,0,0.0,47336226.25
09:21:29 AM,58.45,0,0.0,47336226.25
09:21:29 AM,58.25,775,45143.75,47381370.0
09:21:30 AM,58.15,0,0.0,47381370.0
09:21:31 AM,58.05,3250,188662.5,47570032.5
09:21:31 AM,57.85,0,0.0,47570032.5
09:21:32 AM,57.65,0,0.0,47570032.5
09:21:33 AM,57.7,3875,223587.5,47793620.0
09:21:34 AM,57.85,0,0.0,47793620.0
09:21:34 AM,57.6,1025,59040.0,47852660.0
09:21:35 AM,58.0,0,0.0,47852660.0
09:21:36 AM,58.3,1825,106397.5,47959057.5
09:21:37 AM,58.8,0,0.0,47959057.5
09:21:38 AM,58.8,1075,63210.0,48022267.5
09:21:38 AM,58.85,0,0.0,48022267.5
09:21:39 AM,58.7,0,0.0,48022267.5
09:21:39 AM,58.5,1925,112612.5,48134880.0
09:21:40 AM,58.75,0,0.0,48134880.0
09:21:41 AM,58.5,500,29250.0,48164130.0
09:21:42 AM,58.35,0,0.0,48164130.0
09:21:43 AM,58.3,2150,125345.0,48289475.0
09:21:43 AM,58.35,0,0.0,48289475.0
09:21:44 AM,58.5,0,0.0,48289475.0
09:21:44 AM,58.5,2850,166725.0,48456200.0
09:21:45 AM,58.35,0,0.0,48456200.0
09:21:46 AM,58.3,0,0.0,48456200.0
09:21:46 AM,58.3,850,49555.0,48505755.0
09:21:47 AM,58.05,0,0.0,48505755.0
09:21:48 AM,58.3,3000,174900.0,48680655.0
09:21:48 AM,58.55,0,0.0,48680655.0
09:21:49 AM,58.6,0,0.0,48680655.0
09:21:49 AM,58.65,2825,165686.25,48846341.25
09:21:50 AM,58.45,0,0.0,48846341.25
09:21:51 AM,58.4,850,49640.0,48895981.25
09:21:51 AM,58.3,0,0.0,48895981.25
09:21:52 AM,58.35,0,0.0,48895981.25
09:21:53 AM,58.3,350,20405.0,48916386.25
09:21:54 AM,57.95,0,0.0,48916386.25
09:21:54 AM,58.05,400,23220.0,48939606.25
09:21:55 AM,58.25,0,0.0,48939606.25
09:21:56 AM,58.35,0,0.0,48939606.25
09:21:56 AM,58.35,1450,84607.5,49024213.75
09:21:57 AM,58.65,0,0.0,49024213.75
09:21:58 AM,59.05,3575,211103.75,49235317.5
09:21:58 AM,59.0,0,0.0,49235317.5
09:21:59 AM,59.25,0,0.0,49235317.5
09:21:59 AM,59.25,1500,88875.0,49324192.5
09:22:00 AM,59.5,0,0.0,49324192.5
09:22:01 AM,59.75,0,0.0,49324192.5
09:22:01 AM,59.8,3725,222755.0,49546947.5
09:22:02 AM,59.7,0,0.0,49546947.5
09:22:03 AM,60.05,22675,1361633.75,50908581.25
09:22:03 AM,60.0,0,0.0,50908581.25
09:22:04 AM,59.9,0,0.0,50908581.25
09:22:04 AM,59.65,3400,202810.0,51111391.25
09:22:05 AM,59.75,0,0.0,51111391.25
09:22:06 AM,59.45,0,0.0,51111391.25
09:22:06 AM,59.45,1600,95120.0,51206511.25
09:22:08 AM,59.3,2550,151215.0,51357726.25
09:22:08 AM,59.55,0,0.0,51357726.25
09:22:09 AM,59.1,0,0.0,51357726.25
09:22:09 AM,59.15,1925,113863.75,51471590.0
09:22:10 AM,59.35,0,0.0,51471590.0
09:22:11 AM,59.3,0,0.0,51471590.0
09:22:11 AM,59.35,2425,143923.75,51615513.75
09:22:12 AM,59.2,0,0.0,51615513.75
09:22:13 AM,59.75,2900,173275.0,51788788.75
09:22:14 AM,59.55,0,0.0,51788788.75
09:22:14 AM,59.55,200,11910.0,51800698.75
09:22:15 AM,59.8,0,0.0,51800698.75
09:22:16 AM,59.55,2850,169717.5,51970416.25
09:22:16 AM,59.35,0,0.0,51970416.25
09:22:17 AM,58.7,0,0.0,51970416.25
09:22:18 AM,58.75,1525,89593.75,52060010.0
09:22:18 AM,58.85,0,0.0,52060010.0
09:22:19 AM,59.0,0,0.0,52060010.0
09:22:19 AM,59.0,1625,95875.0,52155885.0
09:22:20 AM,58.75,0,0.0,52155885.0
09:22:21 AM,59.65,950,56667.5,52212552.5
09:22:22 AM,59.55,0,0.0,52212552.5
09:22:23 AM,59.4,1525,90585.0,52303137.5
09:22:24 AM,59.05,0,0.0,52303137.5
09:22:24 AM,58.65,550,32257.5,52335395.0
09:22:25 AM,58.1,0,0.0,52335395.0
09:22:26 AM,58.45,2125,124206.25,52459601.25
09:22:27 AM,58.5,0,0.0,52459601.25
09:22:28 AM,59.5,850,50575.0,52510176.25
09:22:29 AM,59.55,0,0.0,52510176.25
09:22:29 AM,59.25,7175,425118.75,52935295.0
09:22:30 AM,59.4,0,0.0,52935295.0
09:22:31 AM,59.4,2375,141075.0,53076370.0
09:22:32 AM,59.5,0,0.0,53076370.0
09:22:33 AM,59.7,7850,468645.0,53545015.0
09:22:33 AM,59.45,0,0.0,53545015.0
09:22:34 AM,59.55,0,0.0,53545015.0
09:22:34 AM,59.55,200,11910.0,53556925.0
09:22:35 AM,59.05,0,0.0,53556925.0
09:22:36 AM,58.45,0,0.0,53556925.0
09:22:36 AM,58.2,1725,100395.0,53657320.0
09:22:37 AM,58.45,0,0.0,53657320.0
09:22:38 AM,58.55,1825,106853.75,53764173.75
09:22:39 AM,58.35,0,0.0,53764173.75
09:22:39 AM,58.15,3500,203525.0,53967698.75
09:22:40 AM,58.25,0,0.0,53967698.75
09:22:41 AM,58.4,0,0.0,53967698.75
09:22:41 AM,58.7,550,32285.0,53999983.75
09:22:42 AM,58.75,0,0.0,53999983.75
09:22:43 AM,59.1,1775,104902.5,54104886.25
09:22:44 AM,59.45,0,0.0,54104886.25
09:22:45 AM,59.45,200,11890.0,54116776.25
09:22:45 AM,59.3,0,0.0,54116776.25
09:22:46 AM,59.05,0,0.0,54116776.25
09:22:46 AM,59.05,825,48716.25,54165492.5
09:22:47 AM,59.1,0,0.0,54165492.5
09:22:48 AM,59.25,450,26662.5,54192155.0
09:22:48 AM,59.65,0,0.0,54192155.0
09:22:49 AM,59.4,0,0.0,54192155.0
09:22:50 AM,59.55,1300,77415.0,54269570.0
09:22:50 AM,59.5,0,0.0,54269570.0
09:22:51 AM,59.35,0,0.0,54269570.0
09:22:51 AM,59.7,425,25372.5,54294942.5
09:22:52 AM,59.85,0,0.0,54294942.5
09:22:53 AM,60.2,1175,70735.0,54365677.5
09:22:53 AM,60.1,0,0.0,54365677.5
09:22:54 AM,60.5,0,0.0,54365677.5
09:22:55 AM,60.35,1375,82981.25,54448658.75
09:22:55 AM,60.3,0,0.0,54448658.75
09:22:56 AM,60.7,0,0.0,54448658.75
09:22:56 AM,60.7,1750,106225.0,54554883.75
09:22:57 AM,60.6,0,0.0,54554883.75
09:22:58 AM,61.1,3700,226070.0,54780953.75
09:22:58 AM,61.0,0,0.0,54780953.75
09:22:59 AM,61.25,0,0.0,54780953.75
09:23:00 AM,61.3,3150,193095.0,54974048.75
09:23:00 AM,61.25,0,0.0,54974048.75
09:23:01 AM,61.6,0,0.0,54974048.75
09:23:01 AM,61.9,2625,162487.5,55136536.25
09:23:02 AM,61.8,0,0.0,55136536.25
09:23:03 AM,61.35,2025,124233.75,55260770.0
09:23:03 AM,61.45,0,0.0,55260770.0
09:23:04 AM,60.85,0,0.0,55260770.0
09:23:05 AM,60.85,2775,168858.75,55429628.75
09:23:05 AM,61.35,0,0.0,55429628.75
09:23:06 AM,61.0,0,0.0,55429628.75
09:23:06 AM,61.05,2225,135836.25,55565465.0
09:23:07 AM,60.9,0,0.0,55565465.0
09:23:08 AM,61.5,725,44587.5,55610052.5
09:23:08 AM,61.55,0,0.0,55610052.5
09:23:09 AM,61.65,0,0.0,55610052.5
09:23:10 AM,61.55,1325,81553.75,55691606.25
09:23:10 AM,61.8,0,0.0,55691606.25
09:23:11 AM,61.35,0,0.0,55691606.25
09:23:11 AM,61.3,3500,214550.0,55906156.25
09:23:12 AM,61.25,0,0.0,55906156.25
09:23:13 AM,61.25,500,30625.0,55936781.25
09:23:14 AM,61.0,0,0.0,55936781.25
09:23:15 AM,61.3,1000,61300.0,55998081.25
09:23:15 AM,60.95,0,0.0,55998081.25
09:23:16 AM,61.15,0,0.0,55998081.25
09:23:16 AM,61.15,1175,71851.25,56069932.5
09:23:17 AM,60.85,0,0.0,56069932.5
09:23:18 AM,61.0,30400,1854400.0,57924332.5
09:23:18 AM,60.75,0,0.0,57924332.5
09:23:19 AM,60.8,0,0.0,57924332.5
09:23:20 AM,60.7,1825,110777.5,58035110.0
09:23:20 AM,60.65,0,0.0,58035110.0
09:23:21 AM,60.9,0,0.0,58035110.0
09:23:21 AM,60.9,1475,89827.5,58124937.5
09:23:22 AM,60.3,0,0.0,58124937.5
09:23:23 AM,60.6,600,36360.0,58161297.5
09:23:24 AM,61.0,0,0.0,58161297.5
09:23:25 AM,60.85,2075,126263.75,58287561.25
09:23:25 AM,61.2,0,0.0,58287561.25
09:23:26 AM,61.35,0,0.0,58287561.25
09:23:26 AM,61.35,4750,291412.5,58578973.75
09:23:27 AM,61.2,0,0.0,58578973.75
09:23:28 AM,61.55,875,53856.25,58632830.0
09:23:28 AM,61.7,0,0.0,58632830.0
09:23:29 AM,61.15,0,0.0,58632830.0
09:23:30 AM,61.1,3225,197047.5,58829877.5
09:23:30 AM,61.05,0,0.0,58829877.5
09:23:31 AM,60.7,1750,106225.0,58936102.5
09:23:32 AM,60.6,0,0.0,58936102.5
09:23:33 AM,60.95,2125,129518.75,59065621.25
09:23:34 AM,60.7,0,0.0,59065621.25
09:23:35 AM,60.7,175,10622.5,59076243.75
09:23:35 AM,60.6,0,0.0,59076243.75
09:23:36 AM,60.15,0,0.0,59076243.75
09:23:36 AM,60.2,650,39130.0,59115373.75
09:23:37 AM,60.55,0,0.0,59115373.75
09:23:38 AM,60.1,450,27045.0,59142418.75
09:23:38 AM,60.55,0,0.0,59142418.75
09:23:39 AM,60.7,0,0.0,59142418.75
09:23:40 AM,60.05,3525,211676.25,59354095.0
09:23:40 AM,59.85,0,0.0,59354095.0
09:23:41 AM,59.7,4975,297007.5,59651102.5
09:23:42 AM,58.95,0,0.0,59651102.5
09:23:43 AM,58.85,4525,266296.25,59917398.75
09:23:43 AM,58.45,0,0.0,59917398.75
09:23:44 AM,58.0,0,0.0,59917398.75
09:23:45 AM,57.6,3875,223200.0,60140598.75
09:23:45 AM,57.35,0,0.0,60140598.75
09:23:46 AM,56.8,0,0.0,60140598.75
09:23:46 AM,56.8,7325,416060.0,60556658.75
09:23:47 AM,57.05,0,0.0,60556658.75
09:23:48 AM,57.4,1225,70315.0,60626973.75
09:23:48 AM,57.3,0,0.0,60626973.75
09:23:49 AM,57.55,0,0.0,60626973.75
09:23:50 AM,57.6,2750,158400.0,60785373.75
09:23:50 AM,57.7,0,0.0,60785373.75
09:23:51 AM,58.0,0,0.0,60785373.75
09:23:51 AM,58.0,4325,250850.0,61036223.75
09:23:52 AM,57.95,0,0.0,61036223.75
09:23:53 AM,57.95,2925,169503.75,61205727.5
09:23:54 AM,57.65,0,0.0,61205727.5
09:23:55 AM,57.4,475,27265.0,61232992.5
09:23:55 AM,57.25,0,0.0,61232992.5
09:23:56 AM,57.0,0,0.0,61232992.5
09:23:56 AM,57.0,3475,198075.0,61431067.5
09:23:57 AM,57.8,0,0.0,61431067.5
09:23:58 AM,58.5,1775,103837.5,61534905.0
09:23:58 AM,58.55,0,0.0,61534905.0
09:23:59 AM,59.0,0,0.0,61534905.0
09:24:00 AM,58.75,1600,94000.0,61628905.0
09:24:00 AM,58.9,0,0.0,61628905.0
09:24:01 AM,59.05,1800,106290.0,61735195.0
09:24:02 AM,59.1,0,0.0,61735195.0
09:24:03 AM,59.6,2775,165390.0,61900585.0
09:24:04 AM,59.8,0,0.0,61900585.0
09:24:05 AM,60.0,1125,67500.0,61968085.0
09:24:06 AM,59.85,2175,130173.75,62098258.75
09:24:07 AM,59.6,0,0.0,62098258.75
09:24:08 AM,59.7,2325,138802.5,62237061.25
09:24:09 AM,59.55,0,0.0,62237061.25
09:24:10 AM,59.6,325,19370.0,62256431.25
09:24:10 AM,59.35,0,0.0,62256431.25
09:24:11 AM,59.5,3425,203787.5,62460218.75
09:24:13 AM,58.75,3175,186531.25,62646750.0
09:24:15 AM,58.75,600,35250.0,62682000.0
09:24:15 AM,58.6,0,0.0,62682000.0
09:24:16 AM,59.35,0,0.0,62682000.0
09:24:16 AM,59.35,1125,66768.75,62748768.75
09:24:17 AM,59.85,0,0.0,62748768.75
09:24:18 AM,60.5,2350,142175.0,62890943.75
09:24:18 AM,60.4,0,0.0,62890943.75
09:24:19 AM,60.0,0,0.0,62890943.75
09:24:20 AM,60.15,550,33082.5,62924026.25
09:24:20 AM,59.75,0,0.0,62924026.25
09:24:21 AM,59.8,0,0.0,62924026.25
09:24:21 AM,59.8,500,29900.0,62953926.25
09:24:22 AM,59.7,0,0.0,62953926.25
09:24:23 AM,60.0,0,0.0,62953926.25
09:24:24 AM,59.95,0,0.0,62953926.25
09:24:25 AM,59.15,2125,125693.75,63079620.0
09:24:25 AM,59.35,0,0.0,63079620.0
09:24:26 AM,59.2,0,0.0,63079620.0
09:24:26 AM,59.25,1875,111093.75,63190713.75
09:24:27 AM,60.7,0,0.0,63190713.75
09:24:28 AM,60.55,21200,1283660.0,64474373.75
09:24:29 AM,60.65,0,0.0,64474373.75
09:24:30 AM,60.7,8500,515950.0,64990323.75
09:24:30 AM,60.6,0,0.0,64990323.75
09:24:31 AM,60.8,0,0.0,64990323.75
09:24:31 AM,60.6,1450,87870.0,65078193.75
09:24:33 AM,60.25,100,6025.0,65084218.75
09:24:33 AM,60.45,0,0.0,65084218.75
09:24:34 AM,60.35,0,0.0,65084218.75
09:24:35 AM,60.6,3350,203010.0,65287228.75
09:24:35 AM,60.3,0,0.0,65287228.75
09:24:36 AM,60.1,0,0.0,65287228.75
09:24:36 AM,60.2,700,42140.0,65329368.75
09:24:37 AM,60.25,0,0.0,65329368.75
09:24:38 AM,60.45,1200,72540.0,65401908.75
09:24:38 AM,60.75,0,0.0,65401908.75
09:24:40 AM,60.75,2000,121500.0,65523408.75
09:24:40 AM,60.7,0,0.0,65523408.75
09:24:41 AM,60.85,375,22818.75,65546227.5
09:24:42 AM,60.1,0,0.0,65546227.5
09:24:43 AM,60.35,1900,114665.0,65660892.5
09:24:43 AM,60.75,0,0.0,65660892.5
09:24:44 AM,60.25,0,0.0,65660892.5
09:24:45 AM,60.35,575,34701.25,65695593.75
09:24:45 AM,60.65,0,0.0,65695593.75
09:24:46 AM,61.0,0,0.0,65695593.75
09:24:46 AM,61.05,3025,184676.25,65880270.0
09:24:47 AM,60.6,0,0.0,65880270.0
09:24:48 AM,60.2,1050,63210.0,65943480.0
09:24:48 AM,60.0,0,0.0,65943480.0
09:24:50 AM,59.6,7100,423160.0,66366640.0
09:24:50 AM,59.85,0,0.0,66366640.0
09:24:51 AM,60.35,3025,182558.75,66549198.75
09:24:52 AM,60.4,0,0.0,66549198.75
09:24:53 AM,60.25,575,34643.75,66583842.5
09:24:53 AM,60.6,0,0.0,66583842.5
09:24:54 AM,60.65,0,0.0,66583842.5
09:24:55 AM,61.0,3425,208925.0,66792767.5
09:24:56 AM,60.85,0,0.0,66792767.5
09:24:56 AM,61.15,0,0.0,66792767.5
09:24:56 AM,61.15,750,45862.5,66838630.0
09:24:57 AM,60.55,0,0.0,66838630.0
09:24:58 AM,60.2,475,28595.0,66867225.0
09:24:58 AM,60.25,0,0.0,66867225.0
09:24:59 AM,59.85,0,0.0,66867225.0
09:25:00 AM,59.95,500,29975.0,66897200.0
09:25:00 AM,59.5,0,0.0,66897200.0
09:25:01 AM,59.25,0,0.0,66897200.0
09:25:01 AM,59.2,1325,78440.0,66975640.0
09:25:02 AM,59.1,0,0.0,66975640.0
09:25:03 AM,59.85,4725,282791.25,67258431.25
09:25:03 AM,59.75,0,0.0,67258431.25
09:25:04 AM,59.7,0,0.0,67258431.25
09:25:05 AM,59.5,1650,98175.0,67356606.25
09:25:05 AM,59.65,0,0.0,67356606.25
09:25:06 AM,59.3,1275,75607.5,67432213.75
09:25:07 AM,58.8,0,0.0,67432213.75
09:25:08 AM,58.75,2400,141000.0,67573213.75
09:25:09 AM,59.0,0,0.0,67573213.75
09:25:10 AM,58.65,2375,139293.75,67712507.5
09:25:10 AM,58.6,0,0.0,67712507.5
09:25:11 AM,59.2,0,0.0,67712507.5
09:25:11 AM,59.2,300,17760.0,67730267.5
09:25:12 AM,59.1,0,0.0,67730267.5
09:25:13 AM,59.1,2975,175822.5,67906090.0
09:25:13 AM,59.15,0,0.0,67906090.0
09:25:15 AM,59.1,61400,3628740.0,71534830.0
09:25:15 AM,58.3,0,0.0,71534830.0
09:25:16 AM,58.35,0,0.0,71534830.0
09:25:16 AM,58.3,19625,1144137.5,72678967.5
09:25:17 AM,58.25,0,0.0,72678967.5
09:25:18 AM,58.4,4775,278860.0,72957827.5
09:25:19 AM,58.1,0,0.0,72957827.5
09:25:20 AM,58.05,6875,399093.75,73356921.25
09:25:20 AM,58.15,0,0.0,73356921.25
09:25:21 AM,57.75,1650,95287.5,73452208.75
09:25:22 AM,57.5,0,0.0,73452208.75
09:25:23 AM,56.95,2825,160883.75,73613092.5
09:25:23 AM,56.6,0,0.0,73613092.5
09:25:24 AM,56.3,0,0.0,73613092.5
09:25:25 AM,55.95,6825,381858.75,73994951.25
09:25:25 AM,55.75,0,0.0,73994951.25
09:25:26 AM,55.9,0,0.0,73994951.25
09:25:26 AM,55.85,5250,293212.5,74288163.75
09:25:27 AM,55.95,0,0.0,74288163.75
09:25:28 AM,56.2,4700,264140.0,74552303.75
09:25:29 AM,56.45,0,0.0,74552303.75
09:25:30 AM,57.2,19225,1099670.0,75651973.75
09:25:30 AM,56.85,0,0.0,75651973.75
09:25:31 AM,56.8,0,0.0,75651973.75
09:25:31 AM,56.8,3325,188860.0,75840833.75
09:25:32 AM,57.1,0,0.0,75840833.75
09:25:33 AM,57.25,1000,57250.0,75898083.75
09:25:34 AM,57.3,0,0.0,75898083.75
09:25:35 AM,57.4,950,54530.0,75952613.75
09:25:35 AM,57.7,0,0.0,75952613.75
09:25:36 AM,58.25,0,0.0,75952613.75
09:25:36 AM,58.25,16450,958212.5,76910826.25
09:25:37 AM,58.1,0,0.0,76910826.25
09:25:38 AM,57.9,825,47767.5,76958593.75
09:25:39 AM,58.1,0,0.0,76958593.75
09:25:40 AM,58.25,2800,163100.0,77121693.75
09:25:40 AM,58.15,0,0.0,77121693.75
09:25:41 AM,57.65,0,0.0,77121693.75
09:25:41 AM,57.7,2625,151462.5,77273156.25
09:25:42 AM,57.15,0,0.0,77273156.25
09:25:43 AM,57.85,2650,153302.5,77426458.75
09:25:44 AM,58.0,0,0.0,77426458.75
09:25:45 AM,57.8,800,46240.0,77472698.75
09:25:45 AM,58.25,0,0.0,77472698.75
09:25:46 AM,58.3,0,0.0,77472698.75
09:25:46 AM,58.3,1300,75790.0,77548488.75
09:25:47 AM,58.35,0,0.0,77548488.75
09:25:48 AM,58.1,1450,84245.0,77632733.75
09:25:48 AM,58.0,0,0.0,77632733.75
09:25:49 AM,57.8,0,0.0,77632733.75
09:25:50 AM,57.95,1200,69540.0,77702273.75
09:25:51 AM,57.75,0,0.0,77702273.75
09:25:51 AM,57.4,2325,133455.0,77835728.75
09:25:52 AM,57.5,0,0.0,77835728.75
09:25:53 AM,57.45,1850,106282.5,77942011.25
09:25:54 AM,57.0,0,0.0,77942011.25
09:25:55 AM,57.15,2975,170021.25,78112032.5
09:25:56 AM,56.45,0,0.0,78112032.5
09:25:56 AM,56.5,1250,70625.0,78182657.5
09:25:57 AM,57.05,0,0.0,78182657.5
09:25:58 AM,56.25,2100,118125.0,78300782.5
09:25:58 AM,56.35,0,0.0,78300782.5
09:25:59 AM,56.45,0,0.0,78300782.5
09:26:00 AM,55.5,8000,444000.0,78744782.5
09:26:00 AM,55.8,0,0.0,78744782.5
09:26:01 AM,55.45,0,0.0,78744782.5
09:26:01 AM,55.45,8800,487960.0,79232742.5
09:26:02 AM,56.15,0,0.0,79232742.5
09:26:03 AM,55.6,1825,101470.0,79334212.5
09:26:04 AM,55.9,0,0.0,79334212.5
09:26:05 AM,55.5,3100,172050.0,79506262.5
09:26:05 AM,55.55,0,0.0,79506262.5
09:26:06 AM,55.5,1850,102675.0,79608937.5
09:26:07 AM,55.65,0,0.0,79608937.5
09:26:08 AM,55.8,725,40455.0,79649392.5
09:26:08 AM,55.6,0,0.0,79649392.5
09:26:09 AM,55.35,0,0.0,79649392.5
09:26:10 AM,55.55,4350,241642.5,79891035.0
09:26:10 AM,55.25,0,0.0,79891035.0
09:26:11 AM,55.5,0,0.0,79891035.0
09:26:11 AM,55.5,1550,86025.0,79977060.0
09:26:12 AM,55.35,0,0.0,79977060.0
09:26:13 AM,55.85,1050,58642.5,80035702.5
09:26:13 AM,56.0,0,0.0,80035702.5
09:26:14 AM,55.6,0,0.0,80035702.5
09:26:15 AM,55.6,2450,136220.0,80171922.5
09:26:16 AM,55.35,0,0.0,80171922.5
09:26:16 AM,55.0,1100,60500.0,80232422.5
09:26:17 AM,54.45,0,0.0,80232422.5
09:26:18 AM,53.9,4325,233117.5,80465540.0
09:26:18 AM,53.7,0,0.0,80465540.0
09:26:19 AM,53.65,0,0.0,80465540.0
09:26:20 AM,53.85,3600,193860.0,80659400.0
09:26:20 AM,53.65,0,0.0,80659400.0
09:26:21 AM,53.75,0,0.0,80659400.0
09:26:21 AM,53.75,2650,142437.5,80801837.5
09:26:22 AM,54.0,0,0.0,80801837.5
09:26:23 AM,54.4,9400,511360.0,81313197.5
09:26:24 AM,54.35,0,0.0,81313197.5
09:26:25 AM,53.9,12350,665665.0,81978862.5
09:26:25 AM,54.15,0,0.0,81978862.5
09:26:26 AM,54.7,0,0.0,81978862.5
09:26:26 AM,54.5,19850,1081825.0,83060687.5
09:26:27 AM,54.4,0,0.0,83060687.5
09:26:28 AM,54.55,1650,90007.5,83150695.0
09:26:29 AM,54.9,0,0.0,83150695.0
09:26:30 AM,54.55,18600,1014630.0,84165325.0
09:26:30 AM,54.45,0,0.0,84165325.0
09:26:31 AM,54.55,0,0.0,84165325.0
09:26:31 AM,54.8,925,50690.0,84216015.0
09:26:32 AM,54.6,0,0.0,84216015.0
09:26:33 AM,54.6,1775,96915.0,84312930.0
09:26:33 AM,54.05,0,0.0,84312930.0
09:26:34 AM,54.15,0,0.0,84312930.0
09:26:35 AM,53.65,4625,248131.25,84561061.25
09:26:35 AM,53.6,0,0.0,84561061.25
09:26:36 AM,53.85,0,0.0,84561061.25
09:26:36 AM,53.8,1725,92805.0,84653866.25
09:26:37 AM,54.05,0,0.0,84653866.25
09:26:38 AM,54.1,900,48690.0,84702556.25
09:26:39 AM,54.35,0,0.0,84702556.25
09:26:40 AM,54.35,1300,70655.0,84773211.25
09:26:40 AM,54.15,0,0.0,84773211.25
09:26:41 AM,54.2,0,0.0,84773211.25
09:26:41 AM,54.35,1225,66578.75,84839790.0
09:26:42 AM,53.55,0,0.0,84839790.0
09:26:43 AM,54.2,2000,108400.0,84948190.0
09:26:43 AM,54.05,0,0.0,84948190.0
09:26:44 AM,54.8,0,0.0,84948190.0
09:26:45 AM,54.8,600,32880.0,84981070.0
09:26:45 AM,54.65,0,0.0,84981070.0
09:26:46 AM,54.5,0,0.0,84981070.0
09:26:46 AM,54.8,1875,102750.0,85083820.0
09:26:47 AM,55.0,0,0.0,85083820.0
09:26:48 AM,55.0,1950,107250.0,85191070.0
09:26:48 AM,54.4,0,0.0,85191070.0
09:26:49 AM,54.45,0,0.0,85191070.0
09:26:50 AM,54.45,1050,57172.5,85248242.5
09:26:50 AM,54.1,0,0.0,85248242.5
09:26:51 AM,54.75,0,0.0,85248242.5
09:26:51 AM,54.75,2375,130031.25,85378273.75
09:26:52 AM,54.8,0,0.0,85378273.75
09:26:53 AM,54.8,400,21920.0,85400193.75
09:26:53 AM,55.05,0,0.0,85400193.75
09:26:54 AM,55.4,0,0.0,85400193.75
09:26:55 AM,55.5,4275,237262.5,85637456.25
09:26:55 AM,55.55,0,0.0,85637456.25
09:26:56 AM,55.4,1500,83100.0,85720556.25
09:26:57 AM,55.75,0,0.0,85720556.25
09:26:58 AM,55.4,1800,99720.0,85820276.25
09:26:59 AM,55.45,0,0.0,85820276.25
09:27:00 AM,55.0,1125,61875.0,85882151.25
09:27:00 AM,54.8,0,0.0,85882151.25
09:27:01 AM,55.5,0,0.0,85882151.25
09:27:01 AM,55.45,1325,73471.25,85955622.5
09:27:02 AM,55.15,0,0.0,85955622.5
09:27:03 AM,55.0,1800,99000.0,86054622.5
09:27:03 AM,54.9,0,0.0,86054622.5
09:27:04 AM,54.5,0,0.0,86054622.5
09:27:05 AM,54.75,4300,235425.0,86290047.5
09:27:05 AM,54.85,0,0.0,86290047.5
09:27:06 AM,55.2,0,0.0,86290047.5
09:27:07 AM,55.2,2375,131100.0,86421147.5
09:27:07 AM,55.3,0,0.0,86421147.5
09:27:08 AM,55.15,675,37226.25,86458373.75
09:27:08 AM,55.2,0,0.0,86458373.75
09:27:09 AM,55.3,0,0.0,86458373.75
09:27:10 AM,55.7,2150,119755.0,86578128.75
09:27:10 AM,55.8,0,0.0,86578128.75
09:27:11 AM,56.1,0,0.0,86578128.75
09:27:12 AM,56.35,1500,84525.0,86662653.75
09:27:13 AM,56.0,1425,79800.0,86742453.75
09:27:14 AM,55.8,0,0.0,86742453.75
09:27:15 AM,55.8,3575,199485.0,86941938.75
09:27:15 AM,56.0,0,0.0,86941938.75
09:27:16 AM,56.25,0,0.0,86941938.75
09:27:17 AM,56.25,2325,130781.25,87072720.0
09:27:17 AM,56.15,0,0.0,87072720.0
09:27:18 AM,56.15,475,26671.25,87099391.25
09:27:19 AM,55.85,0,0.0,87099391.25
09:27:20 AM,55.9,175,9782.5,87109173.75
09:27:21 AM,55.7,0,0.0,87109173.75
09:27:22 AM,55.7,450,25065.0,87134238.75
09:27:22 AM,55.6,0,0.0,87134238.75
09:27:23 AM,55.9,1975,110402.5,87244641.25
09:27:23 AM,55.8,0,0.0,87244641.25
09:27:24 AM,55.55,0,0.0,87244641.25
09:27:25 AM,55.5,575,31912.5,87276553.75
09:27:26 AM,55.75,0,0.0,87276553.75
09:27:27 AM,55.75,1225,68293.75,87344847.5
09:27:27 AM,56.1,0,0.0,87344847.5
09:27:28 AM,55.15,4075,224736.25,87569583.75
09:27:28 AM,55.05,0,0.0,87569583.75
09:27:29 AM,54.8,0,0.0,87569583.75
09:27:30 AM,54.55,1900,103645.0,87673228.75
09:27:31 AM,54.8,0,0.0,87673228.75
09:27:32 AM,54.7,1650,90255.0,87763483.75
09:27:32 AM,54.55,0,0.0,87763483.75
09:27:33 AM,55.1,1275,70252.5,87833736.25
09:27:34 AM,54.5,0,0.0,87833736.25
09:27:35 AM,54.6,4150,226590.0,88060326.25
09:27:36 AM,54.85,0,0.0,88060326.25
09:27:37 AM,54.5,1650,89925.0,88150251.25
09:27:37 AM,54.65,0,0.0,88150251.25
09:27:38 AM,54.3,3350,181905.0,88332156.25
09:27:38 AM,54.35,0,0.0,88332156.25
09:27:39 AM,54.25,0,0.0,88332156.25
09:27:40 AM,53.7,1125,60412.5,88392568.75
09:27:40 AM,53.45,0,0.0,88392568.75
09:27:41 AM,52.95,0,0.0,88392568.75
09:27:42 AM,52.7,4375,230562.5,88623131.25
09:27:42 AM,52.5,0,0.0,88623131.25
09:27:43 AM,49.2,21525,1059030.0,89682161.25
09:27:44 AM,49.4,0,0.0,89682161.25
09:27:45 AM,50.05,0,0.0,89682161.25
09:27:45 AM,50.15,11125,557918.75,90240080.0
09:27:45 AM,50.0,0,0.0,90240080.0
09:27:47 AM,50.65,6675,338088.75,90578168.75
09:27:47 AM,51.1,0,0.0,90578168.75
09:27:48 AM,51.35,4925,252898.75,90831067.5
09:27:48 AM,51.65,0,0.0,90831067.5
09:27:49 AM,52.05,0,0.0,90831067.5
09:27:50 AM,51.6,2250,116100.0,90947167.5
09:27:50 AM,51.85,0,0.0,90947167.5
09:27:51 AM,51.65,0,0.0,90947167.5
09:27:52 AM,51.35,3125,160468.75,91107636.25
09:27:52 AM,51.95,0,0.0,91107636.25
09:27:53 AM,51.65,6725,347346.25,91454982.5
09:27:53 AM,51.35,0,0.0,91454982.5
09:27:54 AM,50.65,0,0.0,91454982.5
09:27:55 AM,50.4,4550,229320.0,91684302.5
09:27:55 AM,50.9,0,0.0,91684302.5
09:27:56 AM,51.25,0,0.0,91684302.5
09:27:57 AM,51.05,2375,121243.75,91805546.25
09:27:57 AM,50.85,0,0.0,91805546.25
09:27:58 AM,51.25,3400,174250.0,91979796.25
09:27:58 AM,51.3,0,0.0,91979796.25
09:27:59 AM,51.5,0,0.0,91979796.25
09:28:00 AM,51.5,2125,109437.5,92089233.75
09:28:00 AM,51.3,0,0.0,92089233.75
09:28:01 AM,52.0,0,0.0,92089233.75
09:28:02 AM,52.3,3200,167360.0,92256593.75
09:28:02 AM,51.95,0,0.0,92256593.75
09:28:03 AM,52.1,2850,148485.0,92405078.75
09:28:03 AM,51.95,0,0.0,92405078.75
09:28:04 AM,52.25,0,0.0,92405078.75
09:28:05 AM,52.6,5050,265630.0,92670708.75
09:28:05 AM,52.45,0,0.0,92670708.75
09:28:06 AM,52.3,0,0.0,92670708.75
09:28:07 AM,52.1,2325,121132.5,92791841.25
09:28:07 AM,51.8,0,0.0,92791841.25
09:28:08 AM,51.65,725,37446.25,92829287.5
09:28:09 AM,52.3,0,0.0,92829287.5
09:28:10 AM,52.3,4025,210507.5,93039795.0
09:28:10 AM,52.25,0,0.0,93039795.0
09:28:11 AM,51.45,0,0.0,93039795.0
09:28:12 AM,51.15,2775,141941.25,93181736.25
09:28:12 AM,51.5,0,0.0,93181736.25
09:28:13 AM,51.3,1050,53865.0,93235601.25
09:28:14 AM,51.7,0,0.0,93235601.25
09:28:15 AM,51.7,500,25850.0,93261451.25
09:28:15 AM,51.65,0,0.0,93261451.25
09:28:16 AM,52.3,0,0.0,93261451.25
09:28:17 AM,52.3,3775,197432.5,93458883.75
09:28:17 AM,52.35,0,0.0,93458883.75
09:28:18 AM,52.45,1275,66873.75,93525757.5
09:28:18 AM,52.35,0,0.0,93525757.5
09:28:19 AM,51.9,0,0.0,93525757.5
09:28:20 AM,52.55,925,48608.75,93574366.25
09:28:22 AM,52.45,1475,77363.75,93651730.0
09:28:22 AM,52.7,0,0.0,93651730.0
09:28:23 AM,52.2,2725,142245.0,93793975.0
09:28:24 AM,52.1,0,0.0,93793975.0
09:28:25 AM,51.65,425,21951.25,93815926.25
09:28:25 AM,51.6,0,0.0,93815926.25
09:28:26 AM,51.4,2650,136210.0,93952136.25
09:28:27 AM,51.35,0,0.0,93952136.25
09:28:28 AM,51.8,1475,76405.0,94028541.25
09:28:28 AM,51.7,0,0.0,94028541.25
09:28:29 AM,51.2,0,0.0,94028541.25
09:28:30 AM,51.55,1500,77325.0,94105866.25
09:28:30 AM,51.45,0,0.0,94105866.25
09:28:31 AM,52.0,6750,351000.0,94456866.25
09:28:32 AM,51.75,0,0.0,94456866.25
09:28:33 AM,51.85,3175,164623.75,94621490.0
09:28:34 AM,51.6,0,0.0,94621490.0
09:28:35 AM,51.45,2425,124766.25,94746256.25
09:28:35 AM,51.1,0,0.0,94746256.25
09:28:36 AM,51.05,0,0.0,94746256.25
09:28:36 AM,51.5,4000,206000.0,94952256.25
09:28:37 AM,51.7,0,0.0,94952256.25
09:28:38 AM,51.3,1275,65407.5,95017663.75
09:28:39 AM,51.65,0,0.0,95017663.75
09:28:40 AM,51.25,4050,207562.5,95225226.25
09:28:40 AM,50.95,0,0.0,95225226.25
09:28:41 AM,51.15,0,0.0,95225226.25
09:28:41 AM,51.35,2575,132226.25,95357452.5
09:28:42 AM,51.4,0,0.0,95357452.5
09:28:43 AM,51.7,1325,68502.5,95425955.0
09:28:44 AM,51.35,0,0.0,95425955.0
09:28:45 AM,52.05,500,26025.0,95451980.0
09:28:45 AM,51.8,0,0.0,95451980.0
09:28:46 AM,51.9,3850,199815.0,95651795.0
09:28:47 AM,51.8,0,0.0,95651795.0
09:28:48 AM,52.0,2025,105300.0,95757095.0
09:28:50 AM,51.85,2425,125736.25,95882831.25
09:28:50 AM,52.0,0,0.0,95882831.25
09:28:51 AM,51.7,0,0.0,95882831.25
09:28:51 AM,51.7,1550,80135.0,95962966.25
09:28:52 AM,51.2,0,0.0,95962966.25
09:28:53 AM,50.8,5625,285750.0,96248716.25
09:28:54 AM,50.2,0,0.0,96248716.25
09:28:55 AM,49.95,2850,142357.5,96391073.75
09:28:55 AM,50.35,0,0.0,96391073.75
09:28:56 AM,50.5,0,0.0,96391073.75
09:28:56 AM,50.5,500,25250.0,96416323.75
09:28:57 AM,50.8,0,0.0,96416323.75
09:28:58 AM,50.5,3475,175487.5,96591811.25
09:28:59 AM,50.7,0,0.0,96591811.25
09:29:00 AM,50.2,4700,235940.0,96827751.25
09:29:00 AM,50.6,0,0.0,96827751.25
09:29:01 AM,50.6,2625,132825.0,96960576.25
09:29:02 AM,50.7,0,0.0,96960576.25
09:29:03 AM,50.15,1700,85255.0,97045831.25
09:29:04 AM,50.85,0,0.0,97045831.25
09:29:05 AM,50.4,2550,128520.0,97174351.25
09:29:05 AM,50.1,0,0.0,97174351.25
09:29:06 AM,50.25,0,0.0,97174351.25
09:29:06 AM,50.1,1625,81412.5,97255763.75
09:29:07 AM,49.45,0,0.0,97255763.75
09:29:08 AM,49.25,7150,352137.5,97607901.25
09:29:08 AM,49.4,0,0.0,97607901.25
09:29:09 AM,48.3,0,0.0,97607901.25
09:29:10 AM,48.45,6925,335516.25,97943417.5
09:29:10 AM,48.4,0,0.0,97943417.5
09:29:11 AM,48.55,0,0.0,97943417.5
09:29:11 AM,48.7,1275,62092.5,98005510.0
09:29:12 AM,48.75,0,0.0,98005510.0
09:29:13 AM,48.6,4700,228420.0,98233930.0
09:29:13 AM,48.75,0,0.0,98233930.0
09:29:15 AM,48.6,3500,170100.0,98404030.0
09:29:15 AM,47.8,0,0.0,98404030.0
09:29:16 AM,48.35,0,0.0,98404030.0
09:29:17 AM,48.35,3500,169225.0,98573255.0
09:29:17 AM,48.55,0,0.0,98573255.0
09:29:18 AM,48.4,2525,122210.0,98695465.0
09:29:19 AM,48.25,0,0.0,98695465.0
09:29:20 AM,48.35,1175,56811.25,98752276.25
09:29:20 AM,48.3,0,0.0,98752276.25
09:29:21 AM,48.9,0,0.0,98752276.25
09:29:22 AM,48.9,2050,100245.0,98852521.25
09:29:22 AM,48.8,0,0.0,98852521.25
09:29:23 AM,49.1,1275,62602.5,98915123.75
09:29:23 AM,49.25,0,0.0,98915123.75
09:29:24 AM,49.15,0,0.0,98915123.75
09:29:25 AM,48.9,2675,130807.5,99045931.25
09:29:25 AM,48.95,0,0.0,99045931.25
09:29:26 AM,49.25,0,0.0,99045931.25
09:29:27 AM,49.1,4450,218495.0,99264426.25
09:29:27 AM,49.75,0,0.0,99264426.25
09:29:28 AM,50.05,5375,269018.75,99533445.0
09:29:28 AM,50.45,0,0.0,99533445.0
09:29:29 AM,50.1,0,0.0,99533445.0
09:29:30 AM,49.95,2900,144855.0,99678300.0
09:29:31 AM,50.0,0,0.0,99678300.0
09:29:31 AM,49.95,0,0.0,99678300.0
09:29:32 AM,49.95,2500,124875.0,99803175.0
09:29:33 AM,50.15,0,0.0,99803175.0
09:29:33 AM,49.75,2100,104475.0,99907650.0
09:29:33 AM,49.65,0,0.0,99907650.0
09:29:34 AM,49.7,0,0.0,99907650.0
09:29:35 AM,49.95,1725,86163.75,99993813.75
09:29:35 AM,49.8,0,0.0,99993813.75
09:29:36 AM,49.7,0,0.0,99993813.75
09:29:37 AM,49.7,1525,75792.5,100069606.25
09:29:38 AM,49.1,0,0.0,100069606.25
09:29:38 AM,48.8,1125,54900.0,100124506.25
09:29:39 AM,48.45,0,0.0,100124506.25
09:29:40 AM,48.5,2675,129737.5,100254243.75
09:29:40 AM,48.15,0,0.0,100254243.75
09:29:42 AM,48.3,1000,48300.0,100302543.75
09:29:42 AM,48.25,0,0.0,100302543.75
09:29:43 AM,48.7,750,36525.0,100339068.75
09:29:43 AM,48.6,0,0.0,100339068.75
09:29:44 AM,48.55,0,0.0,100339068.75
09:29:45 AM,48.35,6575,317901.25,100656970.0
09:29:46 AM,48.7,0,0.0,100656970.0
09:29:47 AM,48.7,4575,222802.5,100879772.5
09:29:47 AM,48.4,0,0.0,100879772.5
09:29:48 AM,48.5,975,47287.5,100927060.0
09:29:49 AM,48.6,0,0.0,100927060.0
09:29:50 AM,48.7,2000,97400.0,101024460.0
09:29:50 AM,49.0,0,0.0,101024460.0
09:29:51 AM,48.65,0,0.0,101024460.0
09:29:52 AM,48.6,2600,126360.0,101150820.0
09:29:52 AM,48.5,0,0.0,101150820.0
09:29:53 AM,48.25,1350,65137.5,101215957.5
09:29:54 AM,48.4,0,0.0,101215957.5
09:29:54 AM,48.65,0,0.0,101215957.5
09:29:55 AM,48.25,4575,220743.75,101436701.25
09:29:55 AM,48.1,0,0.0,101436701.25
09:29:57 AM,48.65,0,0.0,101436701.25
09:29:57 AM,48.65,1125,54731.25,101491432.5
09:29:57 AM,49.0,0,0.0,101491432.5
09:29:58 AM,48.8,5475,267180.0,101758612.5
09:29:59 AM,48.45,0,0.0,101758612.5
09:30:00 AM,49.1,3700,181670.0,101940282.5
09:30:01 AM,48.75,0,0.0,101940282.5
09:30:01 AM,48.8,0,0.0,101940282.5
09:30:02 AM,48.9,2850,139365.0,102079647.5
09:30:02 AM,48.45,0,0.0,102079647.5
09:30:03 AM,48.8,2250,109800.0,102189447.5
09:30:03 AM,48.75,0,0.0,102189447.5
09:30:04 AM,48.15,0,0.0,102189447.5
09:30:05 AM,48.3,2300,111090.0,102300537.5
09:30:05 AM,48.65,0,0.0,102300537.5
09:30:07 AM,48.65,2025,98516.25,102399053.75
09:30:08 AM,49.1,0,0.0,102399053.75
09:30:08 AM,48.85,4250,207612.5,102606666.25
09:30:08 AM,49.15,0,0.0,102606666.25
09:30:09 AM,49.0,0,0.0,102606666.25
09:30:10 AM,49.25,2800,137900.0,102744566.25
09:30:11 AM,49.75,0,0.0,102744566.25
09:30:11 AM,50.2,0,0.0,102744566.25
09:30:12 AM,50.15,2175,109076.25,102853642.5
09:30:12 AM,50.05,0,0.0,102853642.5
09:30:13 AM,50.55,1925,97308.75,102950951.25
09:30:14 AM,50.45,0,0.0,102950951.25
09:30:15 AM,49.95,0,0.0,102950951.25
09:30:15 AM,49.65,1300,64545.0,103015496.25
09:30:16 AM,49.5,0,0.0,103015496.25
09:30:16 AM,49.2,0,0.0,103015496.25
09:30:17 AM,49.2,1450,71340.0,103086836.25
09:30:17 AM,49.45,0,0.0,103086836.25
09:30:18 AM,49.35,1975,97466.25,103184302.5
09:30:18 AM,49.15,0,0.0,103184302.5
09:30:20 AM,49.2,0,0.0,103184302.5
09:30:20 AM,49.6,3875,192200.0,103376502.5
09:30:20 AM,49.75,0,0.0,103376502.5
09:30:21 AM,50.05,0,0.0,103376502.5
09:30:22 AM,50.15,750,37612.5,103414115.0
09:30:23 AM,50.05,0,0.0,103414115.0
09:30:23 AM,49.7,1525,75792.5,103489907.5
09:30:25 AM,50.05,0,0.0,103489907.5
09:30:25 AM,50.0,2075,103750.0,103593657.5
09:30:25 AM,50.2,0,0.0,103593657.5
09:30:27 AM,50.2,3400,170680.0,103764337.5
09:30:27 AM,50.5,0,0.0,103764337.5
09:30:28 AM,50.5,1275,64387.5,103828725.0
09:30:28 AM,50.6,0,0.0,103828725.0
09:30:30 AM,50.95,0,0.0,103828725.0
09:30:30 AM,51.05,3325,169741.25,103998466.25
09:30:31 AM,51.2,0,0.0,103998466.25
09:30:32 AM,51.35,2200,112970.0,104111436.25
09:30:32 AM,51.25,0,0.0,104111436.25
09:30:33 AM,51.1,1325,67707.5,104179143.75
09:30:34 AM,51.05,0,0.0,104179143.75
09:30:35 AM,50.95,300,15285.0,104194428.75
09:30:36 AM,51.05,0,0.0,104194428.75
09:30:37 AM,51.05,1150,58707.5,104253136.25
09:30:37 AM,50.95,0,0.0,104253136.25
09:30:38 AM,50.75,1725,87543.75,104340680.0
09:30:39 AM,50.9,0,0.0,104340680.0
09:30:40 AM,51.6,3600,185760.0,104526440.0
09:30:41 AM,51.5,0,0.0,104526440.0
09:30:42 AM,51.6,1450,74820.0,104601260.0
09:30:43 AM,51.55,0,0.0,104601260.0
09:30:43 AM,51.3,3350,171855.0,104773115.0
09:30:44 AM,51.05,0,0.0,104773115.0
09:30:45 AM,51.0,3750,191250.0,104964365.0
09:30:46 AM,51.05,0,0.0,104964365.0
09:30:46 AM,50.95,0,0.0,104964365.0
09:30:47 AM,50.95,2050,104447.5,105068812.5
09:30:47 AM,50.75,0,0.0,105068812.5
09:30:48 AM,51.35,2375,121956.25,105190768.75
09:30:48 AM,51.3,0,0.0,105190768.75
09:30:49 AM,50.75,0,0.0,105190768.75
09:30:50 AM,50.9,2175,110707.5,105301476.25
09:30:50 AM,50.85,0,0.0,105301476.25
09:30:52 AM,51.0,0,0.0,105301476.25
09:30:52 AM,51.0,2725,138975.0,105440451.25
09:30:52 AM,50.95,0,0.0,105440451.25
09:30:53 AM,50.95,475,24201.25,105464652.5
09:30:55 AM,51.2,0,0.0,105464652.5
09:30:55 AM,51.15,1375,70331.25,105534983.75
09:30:55 AM,51.5,0,0.0,105534983.75
09:30:56 AM,51.25,0,0.0,105534983.75
09:30:57 AM,51.0,2225,113475.0,105648458.75
09:30:58 AM,51.9,0,0.0,105648458.75
09:30:58 AM,51.7,2100,108570.0,105757028.75
09:31:00 AM,51.1,0,0.0,105757028.75
09:31:00 AM,51.55,3425,176558.75,105933587.5
09:31:00 AM,51.7,0,0.0,105933587.5
09:31:01 AM,51.95,0,0.0,105933587.5
09:31:02 AM,51.95,1675,87016.25,106020603.75
09:31:02 AM,52.1,0,0.0,106020603.75
09:31:03 AM,52.05,1900,98895.0,106119498.75
09:31:05 AM,52.65,0,0.0,106119498.75
09:31:05 AM,52.75,450,23737.5,106143236.25
09:31:06 AM,52.4,0,0.0,106143236.25
09:31:06 AM,53.0,0,0.0,106143236.25
09:31:07 AM,53.0,2325,123225.0,106266461.25
09:31:07 AM,53.35,0,0.0,106266461.25
09:31:08 AM,54.8,16550,906940.0,107173401.25
09:31:08 AM,55.15,0,0.0,107173401.25
09:31:10 AM,54.05,0,0.0,107173401.25
09:31:10 AM,53.8,3225,173505.0,107346906.25
09:31:11 AM,54.3,0,0.0,107346906.25
09:31:12 AM,53.85,0,0.0,107346906.25
09:31:12 AM,53.85,1350,72697.5,107419603.75
09:31:12 AM,53.95,0,0.0,107419603.75
09:31:13 AM,54.15,2275,123191.25,107542795.0
09:31:15 AM,53.85,0,0.0,107542795.0
09:31:15 AM,53.9,3525,189997.5,107732792.5
09:31:15 AM,54.05,0,0.0,107732792.5
09:31:17 AM,54.65,0,0.0,107732792.5
09:31:17 AM,54.5,7075,385587.5,108118380.0
09:31:18 AM,53.95,0,0.0,108118380.0
09:31:18 AM,53.9,3225,173827.5,108292207.5
09:31:19 AM,54.1,0,0.0,108292207.5
09:31:19 AM,54.35,0,0.0,108292207.5
09:31:20 AM,54.45,6950,378427.5,108670635.0
09:31:20 AM,54.5,0,0.0,108670635.0
09:31:22 AM,54.55,0,0.0,108670635.0
09:31:22 AM,54.45,3325,181046.25,108851681.25
09:31:22 AM,54.35,0,0.0,108851681.25
09:31:23 AM,54.15,4125,223368.75,109075050.0
09:31:24 AM,53.9,0,0.0,109075050.0
09:31:25 AM,53.85,3575,192513.75,109267563.75
09:31:26 AM,54.0,0,0.0,109267563.75
09:31:27 AM,54.1,0,0.0,109267563.75
09:31:27 AM,53.65,4300,230695.0,109498258.75
09:31:27 AM,54.0,0,0.0,109498258.75
09:31:28 AM,54.65,1950,106567.5,109604826.25
09:31:28 AM,54.7,0,0.0,109604826.25
09:31:29 AM,55.0,0,0.0,109604826.25
09:31:30 AM,55.1,32525,1792127.5,111396953.75
09:31:30 AM,55.25,0,0.0,111396953.75
09:31:32 AM,55.75,0,0.0,111396953.75
09:31:32 AM,56.85,7075,402213.75,111799167.5
09:31:32 AM,58.6,0,0.0,111799167.5
09:31:33 AM,59.7,30600,1826820.0,113625987.5
09:31:34 AM,59.05,0,0.0,113625987.5
09:31:35 AM,58.45,13150,768617.5,114394605.0
09:31:35 AM,58.6,0,0.0,114394605.0
09:31:36 AM,58.2,0,0.0,114394605.0
09:31:37 AM,57.2,11675,667810.0,115062415.0
09:31:37 AM,56.35,0,0.0,115062415.0
09:31:38 AM,56.95,6750,384412.5,115446827.5
09:31:38 AM,56.75,0,0.0,115446827.5
09:31:40 AM,58.35,0,0.0,115446827.5
09:31:40 AM,58.25,6250,364062.5,115810890.0
09:31:42 AM,58.55,0,0.0,115810890.0
09:31:42 AM,58.7,3200,187840.0,115998730.0
09:31:43 AM,58.45,0,0.0,115998730.0
09:31:43 AM,57.8,2675,154615.0,116153345.0
09:31:43 AM,57.95,0,0.0,116153345.0
09:31:44 AM,57.1,0,0.0,116153345.0
09:31:45 AM,56.95,3675,209291.25,116362636.25
09:31:46 AM,57.2,0,0.0,116362636.25
09:31:47 AM,57.6,0,0.0,116362636.25
09:31:47 AM,57.75,3050,176137.5,116538773.75
09:31:48 AM,57.7,0,0.0,116538773.75
09:31:48 AM,58.15,3225,187533.75,116726307.5
09:31:50 AM,58.4,4275,249660.0,116975967.5
09:31:50 AM,58.5,0,0.0,116975967.5
09:31:51 AM,58.2,0,0.0,116975967.5
09:31:52 AM,58.3,7925,462027.5,117437995.0
09:31:52 AM,58.25,0,0.0,117437995.0
09:31:53 AM,58.65,6425,376826.25,117814821.25
09:31:54 AM,58.25,0,0.0,117814821.25
09:31:55 AM,57.95,2200,127490.0,117942311.25
09:31:56 AM,57.7,0,0.0,117942311.25
09:31:56 AM,58.3,0,0.0,117942311.25
09:31:57 AM,58.3,5475,319192.5,118261503.75
09:31:57 AM,57.7,0,0.0,118261503.75
09:31:58 AM,57.7,7000,403900.0,118665403.75
09:31:58 AM,57.95,0,0.0,118665403.75
09:31:59 AM,57.15,0,0.0,118665403.75
09:32:00 AM,58.0,6950,403100.0,119068503.75
09:32:00 AM,57.75,0,0.0,119068503.75
09:32:01 AM,57.25,0,0.0,119068503.75
09:32:02 AM,57.85,4975,287803.75,119356307.5
09:32:03 AM,58.3,0,0.0,119356307.5
09:32:03 AM,57.95,3900,226005.0,119582312.5
09:32:04 AM,58.6,0,0.0,119582312.5
09:32:05 AM,59.25,4825,285881.25,119868193.75
09:32:05 AM,59.05,0,0.0,119868193.75
09:32:07 AM,58.9,0,0.0,119868193.75
09:32:07 AM,58.95,4425,260853.75,120129047.5
09:32:08 AM,58.8,0,0.0,120129047.5
09:32:08 AM,58.4,2050,119720.0,120248767.5
09:32:10 AM,58.6,0,0.0,120248767.5
09:32:10 AM,58.1,3700,214970.0,120463737.5
09:32:10 AM,57.8,0,0.0,120463737.5
09:32:12 AM,57.2,0,0.0,120463737.5
09:32:12 AM,57.35,1400,80290.0,120544027.5
09:32:13 AM,57.5,0,0.0,120544027.5
09:32:13 AM,57.25,1500,85875.0,120629902.5
09:32:14 AM,57.75,0,0.0,120629902.5
09:32:15 AM,57.75,4950,285862.5,120915765.0
09:32:16 AM,57.8,0,0.0,120915765.0
09:32:16 AM,59.7,0,0.0,120915765.0
09:32:17 AM,59.5,20175,1200412.5,122116177.5
09:32:17 AM,60.0,0,0.0,122116177.5
09:32:18 AM,59.75,2350,140412.5,122256590.0
09:32:20 AM,60.5,0,0.0,122256590.0
09:32:20 AM,59.95,4200,251790.0,122508380.0
09:32:20 AM,59.5,0,0.0,122508380.0
09:32:22 AM,59.2,0,0.0,122508380.0
09:32:22 AM,59.15,3025,178928.75,122687308.75
09:32:22 AM,59.45,0,0.0,122687308.75
09:32:23 AM,59.35,4525,268558.75,122955867.5
09:32:24 AM,59.1,0,0.0,122955867.5
09:32:24 AM,59.2,0,0.0,122955867.5
09:32:25 AM,58.35,2600,151710.0,123107577.5
09:32:26 AM,58.45,0,0.0,123107577.5
09:32:27 AM,58.35,3100,180885.0,123288462.5
09:32:27 AM,58.85,0,0.0,123288462.5
09:32:28 AM,58.7,8850,519495.0,123807957.5
09:32:29 AM,58.4,0,0.0,123807957.5
09:32:30 AM,59.45,2100,124845.0,123932802.5
09:32:30 AM,58.85,0,0.0,123932802.5
09:32:31 AM,58.9,0,0.0,123932802.5
09:32:32 AM,59.1,3075,181732.5,124114535.0
09:32:32 AM,59.15,0,0.0,124114535.0
09:32:33 AM,59.0,1525,89975.0,124204510.0
09:32:34 AM,58.35,0,0.0,124204510.0
09:32:34 AM,58.15,0,0.0,124204510.0
09:32:35 AM,57.75,3350,193462.5,124397972.5
09:32:35 AM,57.6,0,0.0,124397972.5
09:32:36 AM,58.0,0,0.0,124397972.5
09:32:37 AM,57.8,4550,262990.0,124660962.5
09:32:38 AM,58.0,0,0.0,124660962.5
09:32:38 AM,58.5,2225,130162.5,124791125.0
09:32:39 AM,58.05,0,0.0,124791125.0
09:32:40 AM,58.05,1225,71111.25,124862236.25
09:32:41 AM,57.5,0,0.0,124862236.25
09:32:41 AM,57.25,0,0.0,124862236.25
09:32:42 AM,57.55,2350,135242.5,124997478.75
09:32:43 AM,56.95,0,0.0,124997478.75
09:32:43 AM,56.8,5300,301040.0,125298518.75
09:32:44 AM,56.2,0,0.0,125298518.75
09:32:45 AM,56.45,0,0.0,125298518.75
09:32:45 AM,56.8,2725,154780.0,125453298.75
09:32:46 AM,56.5,0,0.0,125453298.75
09:32:46 AM,56.0,0,0.0,125453298.75
09:32:47 AM,56.2,6975,391995.0,125845293.75
09:32:47 AM,56.8,0,0.0,125845293.75
09:32:48 AM,56.35,0,0.0,125845293.75
09:32:48 AM,56.35,5600,315560.0,126160853.75
09:32:50 AM,56.1,1625,91162.5,126252016.25
09:32:50 AM,55.85,0,0.0,126252016.25
09:32:52 AM,55.25,0,0.0,126252016.25
09:32:52 AM,55.25,3150,174037.5,126426053.75
09:32:52 AM,55.5,0,0.0,126426053.75
09:32:53 AM,55.35,0,0.0,126426053.75
09:32:53 AM,55.35,6825,377763.75,126803817.5
09:32:55 AM,55.85,0,0.0,126803817.5
09:32:55 AM,55.85,1575,87963.75,126891781.25
09:32:55 AM,55.95,0,0.0,126891781.25
09:32:57 AM,56.4,0,0.0,126891781.25
09:32:57 AM,56.4,1475,83190.0,126974971.25
09:32:58 AM,56.5,0,0.0,126974971.25
09:32:58 AM,56.5,2975,168087.5,127143058.75
09:32:59 AM,56.1,0,0.0,127143058.75
09:33:00 AM,56.4,1875,105750.0,127248808.75
09:33:00 AM,55.75,0,0.0,127248808.75
09:33:02 AM,55.25,0,0.0,127248808.75
09:33:02 AM,55.35,2350,130072.5,127378881.25
09:33:02 AM,55.5,0,0.0,127378881.25
09:33:03 AM,54.55,0,0.0,127378881.25
09:33:03 AM,54.3,5175,281002.5,127659883.75
09:33:04 AM,53.45,0,0.0,127659883.75
09:33:05 AM,53.7,6550,351735.0,128011618.75
09:33:05 AM,53.3,0,0.0,128011618.75
09:33:06 AM,53.1,0,0.0,128011618.75
09:33:07 AM,53.05,4150,220157.5,128231776.25
09:33:07 AM,52.45,0,0.0,128231776.25
09:33:08 AM,52.6,8075,424745.0,128656521.25
09:33:09 AM,53.05,0,0.0,128656521.25
09:33:09 AM,53.3,0,0.0,128656521.25
09:33:10 AM,53.35,3500,186725.0,128843246.25
09:33:11 AM,53.7,0,0.0,128843246.25
09:33:11 AM,53.25,0,0.0,128843246.25
09:33:12 AM,53.05,1100,58355.0,128901601.25
09:33:13 AM,53.2,0,0.0,128901601.25
09:33:13 AM,53.75,0,0.0,128901601.25
09:33:13 AM,53.75,1875,100781.25,129002382.5
09:33:14 AM,52.85,0,0.0,129002382.5
09:33:15 AM,53.2,1825,97090.0,129099472.5
09:33:16 AM,53.45,0,0.0,129099472.5
09:33:16 AM,53.65,0,0.0,129099472.5
09:33:17 AM,54.2,1175,63685.0,129163157.5
09:33:17 AM,54.3,0,0.0,129163157.5
09:33:18 AM,55.05,1075,59178.75,129222336.25
09:33:19 AM,55.55,0,0.0,129222336.25
09:33:19 AM,55.3,0,0.0,129222336.25
09:33:20 AM,55.35,1575,87176.25,129309512.5
09:33:20 AM,55.8,0,0.0,129309512.5
09:33:22 AM,56.1,1625,91162.5,129400675.0
09:33:22 AM,56.0,0,0.0,129400675.0
09:33:23 AM,55.95,1700,95115.0,129495790.0
09:33:25 AM,55.5,0,0.0,129495790.0
09:33:25 AM,55.2,1575,86940.0,129582730.0
09:33:25 AM,54.65,0,0.0,129582730.0
09:33:26 AM,55.05,0,0.0,129582730.0
09:33:27 AM,55.05,3125,172031.25,129754761.25
09:33:27 AM,55.45,0,0.0,129754761.25
09:33:28 AM,54.8,1475,80830.0,129835591.25
09:33:30 AM,56.05,0,0.0,129835591.25
09:33:30 AM,55.65,3775,210078.75,130045670.0
09:33:30 AM,55.8,0,0.0,130045670.0
09:33:31 AM,55.65,0,0.0,130045670.0
09:33:32 AM,55.65,3700,205905.0,130251575.0
09:33:33 AM,54.6,0,0.0,130251575.0
09:33:33 AM,54.55,1950,106372.5,130357947.5
09:33:33 AM,54.6,0,0.0,130357947.5
09:33:35 AM,55.0,3900,214500.0,130572447.5
09:33:36 AM,54.8,0,0.0,130572447.5
09:33:36 AM,54.95,0,0.0,130572447.5
09:33:37 AM,55.05,2625,144506.25,130716953.75
09:33:37 AM,54.95,0,0.0,130716953.75
09:33:38 AM,55.25,1050,58012.5,130774966.25
09:33:38 AM,55.15,0,0.0,130774966.25
09:33:39 AM,55.45,0,0.0,130774966.25
09:33:40 AM,55.2,1600,88320.0,130863286.25
09:33:40 AM,55.3,0,0.0,130863286.25
09:33:41 AM,55.0,0,0.0,130863286.25
09:33:42 AM,55.3,2050,113365.0,130976651.25
09:33:43 AM,55.5,0,0.0,130976651.25
09:33:43 AM,55.8,2425,135315.0,131111966.25
09:33:44 AM,56.05,0,0.0,131111966.25
09:33:45 AM,56.35,2075,116926.25,131228892.5
09:33:45 AM,56.4,0,0.0,131228892.5
09:33:46 AM,56.05,0,0.0,131228892.5
09:33:47 AM,56.25,2575,144843.75,131373736.25
09:33:47 AM,56.35,0,0.0,131373736.25
09:33:48 AM,56.7,700,39690.0,131413426.25
09:33:49 AM,56.65,0,0.0,131413426.25
09:33:49 AM,56.35,0,0.0,131413426.25
09:33:50 AM,56.05,1375,77068.75,131490495.0
09:33:50 AM,56.3,0,0.0,131490495.0
09:33:51 AM,55.85,0,0.0,131490495.0
09:33:52 AM,55.85,825,46076.25,131536571.25
09:33:53 AM,55.8,0,0.0,131536571.25
09:33:53 AM,55.3,2725,150692.5,131687263.75
09:33:54 AM,55.35,0,0.0,131687263.75
09:33:55 AM,55.3,3150,174195.0,131861458.75
09:33:57 AM,55.85,0,0.0,131861458.75
09:33:57 AM,55.85,1825,101926.25,131963385.0
09:33:57 AM,56.15,0,0.0,131963385.0
09:33:58 AM,56.7,5825,330277.5,132293662.5
09:33:58 AM,56.85,0,0.0,132293662.5
09:34:00 AM,56.55,875,49481.25,132343143.75
09:34:01 AM,57.0,0,0.0,132343143.75
09:34:02 AM,57.55,1400,80570.0,132423713.75
09:34:03 AM,57.4,3975,228165.0,132651878.75
09:34:04 AM,57.7,0,0.0,132651878.75
09:34:04 AM,58.15,0,0.0,132651878.75
09:34:05 AM,58.7,5850,343395.0,132995273.75
09:34:06 AM,58.6,0,0.0,132995273.75
09:34:06 AM,58.1,0,0.0,132995273.75
09:34:07 AM,57.95,1225,70988.75,133066262.5
09:34:08 AM,57.45,0,0.0,133066262.5
09:34:08 AM,57.5,1500,86250.0,133152512.5
09:34:08 AM,57.55,0,0.0,133152512.5
09:34:09 AM,57.5,0,0.0,133152512.5
09:34:10 AM,57.3,750,42975.0,133195487.5
09:34:11 AM,56.0,0,0.0,133195487.5
09:34:11 AM,56.9,0,0.0,133195487.5
09:34:12 AM,56.6,6225,352335.0,133547822.5
09:34:12 AM,57.05,0,0.0,133547822.5
09:34:13 AM,57.6,675,38880.0,133586702.5
09:34:14 AM,57.45,0,0.0,133586702.5
09:34:14 AM,57.9,0,0.0,133586702.5
09:34:15 AM,57.6,1375,79200.0,133665902.5
09:34:15 AM,58.2,0,0.0,133665902.5
09:34:16 AM,58.1,0,0.0,133665902.5
09:34:17 AM,58.2,3675,213885.0,133879787.5
09:34:17 AM,58.15,0,0.0,133879787.5
09:34:18 AM,57.9,1825,105667.5,133985455.0
09:34:18 AM,57.95,0,0.0,133985455.0
09:34:19 AM,57.6,0,0.0,133985455.0
09:34:20 AM,57.7,1150,66355.0,134051810.0
09:34:21 AM,57.8,0,0.0,134051810.0
09:34:21 AM,57.7,0,0.0,134051810.0
09:34:22 AM,57.45,3325,191021.25,134242831.25
09:34:22 AM,57.4,0,0.0,134242831.25
09:34:23 AM,57.3,775,44407.5,134287238.75
09:34:23 AM,57.9,0,0.0,134287238.75
09:34:25 AM,57.8,0,0.0,134287238.75
09:34:25 AM,57.85,1900,109915.0,134397153.75
09:34:25 AM,57.8,0,0.0,134397153.75
09:34:26 AM,57.55,0,0.0,134397153.75
09:34:27 AM,57.65,1550,89357.5,134486511.25
09:34:27 AM,57.5,0,0.0,134486511.25
09:34:28 AM,57.95,3500,202825.0,134689336.25
09:34:29 AM,57.9,0,0.0,134689336.25
09:34:29 AM,58.15,0,0.0,134689336.25
09:34:30 AM,58.0,3750,217500.0,134906836.25
09:34:30 AM,57.95,0,0.0,134906836.25
09:34:31 AM,57.75,0,0.0,134906836.25
09:34:32 AM,57.7,825,47602.5,134954438.75
09:34:32 AM,57.9,0,0.0,134954438.75
09:34:33 AM,57.55,1400,80570.0,135035008.75
09:34:33 AM,57.35,0,0.0,135035008.75
09:34:34 AM,58.15,0,0.0,135035008.75
09:34:35 AM,58.5,7300,427050.0,135462058.75
09:34:36 AM,58.65,0,0.0,135462058.75
09:34:36 AM,58.95,0,0.0,135462058.75
09:34:37 AM,59.2,3900,230880.0,135692938.75
09:34:38 AM,60.55,0,0.0,135692938.75
09:34:38 AM,60.95,25100,1529845.0,137222783.75
09:34:38 AM,61.0,0,0.0,137222783.75
09:34:39 AM,60.0,0,0.0,137222783.75
09:34:40 AM,59.65,4425,263951.25,137486735.0
09:34:40 AM,59.55,0,0.0,137486735.0
09:34:41 AM,59.35,0,0.0,137486735.0
09:34:42 AM,59.4,3800,225720.0,137712455.0
09:34:43 AM,59.35,0,0.0,137712455.0
09:34:43 AM,59.7,1500,89550.0,137802005.0
09:34:44 AM,58.9,0,0.0,137802005.0
09:34:45 AM,59.35,1600,94960.0,137896965.0
09:34:45 AM,59.45,0,0.0,137896965.0
09:34:47 AM,59.6,0,0.0,137896965.0
09:34:47 AM,59.6,2650,157940.0,138054905.0
09:34:48 AM,59.3,0,0.0,138054905.0
09:34:48 AM,59.0,2175,128325.0,138183230.0
09:34:50 AM,58.45,0,0.0,138183230.0
09:34:50 AM,58.45,825,48221.25,138231451.25
09:34:51 AM,58.8,0,0.0,138231451.25
09:34:52 AM,59.15,0,0.0,138231451.25
09:34:52 AM,59.3,1975,117117.5,138348568.75
09:34:53 AM,59.25,0,0.0,138348568.75
09:34:53 AM,59.45,775,46073.75,138394642.5
09:34:54 AM,59.8,0,0.0,138394642.5
09:34:55 AM,59.75,0,0.0,138394642.5
09:34:55 AM,59.25,3400,201450.0,138596092.5
09:34:56 AM,59.35,0,0.0,138596092.5
09:34:57 AM,59.55,0,0.0,138596092.5
09:34:57 AM,59.5,725,43137.5,138639230.0
09:34:58 AM,59.4,3025,179685.0,138818915.0
09:35:00 AM,59.7,0,0.0,138818915.0
09:35:00 AM,59.95,2100,125895.0,138944810.0
09:35:01 AM,60.1,0,0.0,138944810.0
09:35:02 AM,59.6,0,0.0,138944810.0
09:35:02 AM,59.55,1400,83370.0,139028180.0
09:35:03 AM,59.35,0,0.0,139028180.0
09:35:03 AM,59.9,1900,113810.0,139141990.0
09:35:04 AM,59.95,0,0.0,139141990.0
09:35:05 AM,59.4,0,0.0,139141990.0
09:35:05 AM,59.5,2225,132387.5,139274377.5
09:35:07 AM,58.9,0,0.0,139274377.5
09:35:07 AM,59.4,2275,135135.0,139409512.5
09:35:08 AM,59.6,0,0.0,139409512.5
09:35:08 AM,59.5,1850,110075.0,139519587.5
09:35:10 AM,59.0,0,0.0,139519587.5
09:35:10 AM,59.45,1175,69853.75,139589441.25
09:35:11 AM,59.5,0,0.0,139589441.25
09:35:12 AM,60.05,0,0.0,139589441.25
09:35:12 AM,60.15,1125,67668.75,139657110.0
09:35:13 AM,60.2,0,0.0,139657110.0
09:35:13 AM,63.05,26025,1640876.25,141297986.25
09:35:14 AM,63.2,0,0.0,141297986.25
09:35:15 AM,64.0,0,0.0,141297986.25
09:35:15 AM,63.75,15850,1010437.5,142308423.75
09:35:16 AM,63.1,0,0.0,142308423.75
09:35:17 AM,62.4,0,0.0,142308423.75
09:35:17 AM,62.65,5350,335177.5,142643601.25
09:35:18 AM,62.4,0,0.0,142643601.25
09:35:18 AM,62.0,3575,221650.0,142865251.25
09:35:19 AM,61.95,0,0.0,142865251.25
09:35:20 AM,62.6,0,0.0,142865251.25
09:35:20 AM,62.85,8075,507513.75,143372765.0
09:35:21 AM,63.05,0,0.0,143372765.0
09:35:22 AM,62.75,0,0.0,143372765.0
09:35:22 AM,62.7,1800,112860.0,143485625.0
09:35:23 AM,62.4,0,0.0,143485625.0
09:35:23 AM,62.2,2475,153945.0,143639570.0
09:35:25 AM,62.55,0,0.0,143639570.0
09:35:25 AM,61.85,3550,219567.5,143859137.5
09:35:26 AM,62.0,0,0.0,143859137.5
09:35:27 AM,61.7,0,0.0,143859137.5
09:35:27 AM,61.7,2575,158877.5,144018015.0
09:35:28 AM,62.55,0,0.0,144018015.0
09:35:28 AM,62.3,1025,63857.5,144081872.5
09:35:29 AM,62.5,0,0.0,144081872.5
09:35:30 AM,62.65,0,0.0,144081872.5
09:35:30 AM,63.2,3800,240160.0,144322032.5
09:35:31 AM,62.85,0,0.0,144322032.5
09:35:32 AM,62.5,0,0.0,144322032.5
09:35:32 AM,61.85,2275,140708.75,144462741.25
09:35:33 AM,61.9,0,0.0,144462741.25
09:35:33 AM,61.7,4500,277650.0,144740391.25
09:35:34 AM,61.4,0,0.0,144740391.25
09:35:35 AM,61.0,0,0.0,144740391.25
09:35:35 AM,61.1,12925,789717.5,145530108.75
09:35:36 AM,61.45,0,0.0,145530108.75
09:35:37 AM,60.75,0,0.0,145530108.75
09:35:37 AM,61.0,3700,225700.0,145755808.75
09:35:38 AM,61.2,0,0.0,145755808.75
09:35:39 AM,60.05,2275,136613.75,145892422.5
09:35:39 AM,59.4,0,0.0,145892422.5
09:35:40 AM,59.85,0,0.0,145892422.5
09:35:40 AM,59.35,9475,562341.25,146454763.75
09:35:41 AM,59.8,0,0.0,146454763.75
09:35:42 AM,60.05,0,0.0,146454763.75
09:35:42 AM,60.2,3075,185115.0,146639878.75
09:35:43 AM,59.65,0,0.0,146639878.75
09:35:44 AM,59.25,10800,639900.0,147279778.75
09:35:45 AM,59.0,0,0.0,147279778.75
09:35:45 AM,59.3,7875,466987.5,147746766.25
09:35:46 AM,59.2,0,0.0,147746766.25
09:35:47 AM,58.6,0,0.0,147746766.25
09:35:47 AM,58.7,1675,98322.5,147845088.75
09:35:48 AM,58.95,0,0.0,147845088.75
09:35:49 AM,58.8,3050,179340.0,148024428.75
09:35:50 AM,58.35,0,0.0,148024428.75
09:35:50 AM,58.85,4700,276595.0,148301023.75
09:35:52 AM,58.75,0,0.0,148301023.75
09:35:52 AM,58.2,1800,104760.0,148405783.75
09:35:53 AM,57.9,0,0.0,148405783.75
09:35:54 AM,58.4,1500,87600.0,148493383.75
09:35:54 AM,58.65,0,0.0,148493383.75
09:35:55 AM,58.95,875,51581.25,148544965.0
09:35:56 AM,58.8,0,0.0,148544965.0
09:35:57 AM,58.85,0,0.0,148544965.0
09:35:57 AM,59.1,3225,190597.5,148735562.5
09:35:58 AM,59.2,0,0.0,148735562.5
09:35:59 AM,59.05,1625,95956.25,148831518.75
09:36:00 AM,58.35,0,0.0,148831518.75
09:36:00 AM,58.15,4725,274758.75,149106277.5
09:36:01 AM,58.25,0,0.0,149106277.5
09:36:02 AM,57.75,0,0.0,149106277.5
09:36:02 AM,58.05,12575,729978.75,149836256.25
09:36:03 AM,58.0,0,0.0,149836256.25
09:36:04 AM,57.45,0,0.0,149836256.25
09:36:04 AM,57.45,2125,122081.25,149958337.5
09:36:05 AM,56.95,0,0.0,149958337.5
09:36:05 AM,58.15,5950,345992.5,150304330.0
09:36:07 AM,57.45,0,0.0,150304330.0
09:36:07 AM,57.45,1025,58886.25,150363216.25
09:36:09 AM,56.9,2900,165010.0,150528226.25
09:36:09 AM,57.05,0,0.0,150528226.25
09:36:10 AM,57.2,0,0.0,150528226.25
09:36:10 AM,57.8,1800,104040.0,150632266.25
09:36:11 AM,57.75,0,0.0,150632266.25
09:36:12 AM,57.5,0,0.0,150632266.25
09:36:12 AM,57.7,2675,154347.5,150786613.75
09:36:13 AM,57.9,0,0.0,150786613.75
09:36:14 AM,57.0,0,0.0,150786613.75
09:36:14 AM,57.0,2125,121125.0,150907738.75
09:36:15 AM,57.55,0,0.0,150907738.75
09:36:15 AM,57.95,2500,144875.0,151052613.75
09:36:16 AM,58.4,0,0.0,151052613.75
09:36:17 AM,58.65,0,0.0,151052613.75
09:36:17 AM,58.3,550,32065.0,151084678.75
09:36:18 AM,57.9,0,0.0,151084678.75
09:36:19 AM,57.95,1000,57950.0,151142628.75
09:36:20 AM,57.55,0,0.0,151142628.75
09:36:20 AM,57.65,1350,77827.5,151220456.25
09:36:21 AM,57.4,0,0.0,151220456.25
09:36:22 AM,56.9,0,0.0,151220456.25
09:36:22 AM,56.75,5225,296518.75,151516975.0
09:36:23 AM,56.85,0,0.0,151516975.0
09:36:23 AM,56.6,2175,123105.0,151640080.0
09:36:24 AM,56.45,0,0.0,151640080.0
09:36:25 AM,56.0,0,0.0,151640080.0
09:36:25 AM,56.6,4600,260360.0,151900440.0
09:36:27 AM,57.1,0,0.0,151900440.0
09:36:27 AM,57.1,1125,64237.5,151964677.5
09:36:28 AM,57.3,0,0.0,151964677.5
09:36:28 AM,57.3,1000,57300.0,152021977.5
09:36:30 AM,57.85,0,0.0,152021977.5
09:36:30 AM,57.65,4025,232041.25,152254018.75
09:36:31 AM,58.0,0,0.0,152254018.75
09:36:32 AM,58.3,2125,123887.5,152377906.25
09:36:32 AM,58.45,0,0.0,152377906.25
09:36:33 AM,58.4,0,0.0,152377906.25
09:36:33 AM,59.0,625,36875.0,152414781.25
09:36:34 AM,59.1,0,0.0,152414781.25
09:36:35 AM,59.9,0,0.0,152414781.25
09:36:35 AM,60.25,6000,361500.0,152776281.25
09:36:36 AM,60.4,0,0.0,152776281.25
09:36:37 AM,61.05,0,0.0,152776281.25
09:36:37 AM,61.05,3575,218253.75,152994535.0
09:36:38 AM,62.25,0,0.0,152994535.0
09:36:38 AM,61.5,4025,247537.5,153242072.5
09:36:40 AM,61.45,0,0.0,153242072.5
09:36:40 AM,61.15,1650,100897.5,153342970.0
09:36:41 AM,60.85,0,0.0,153342970.0
09:36:42 AM,61.05,0,0.0,153342970.0
09:36:42 AM,61.05,1225,74786.25,153417756.25
09:36:43 AM,60.8,0,0.0,153417756.25
09:36:43 AM,60.5,2225,134612.5,153552368.75
09:36:45 AM,60.45,0,0.0,153552368.75
09:36:45 AM,60.45,1550,93697.5,153646066.25
09:36:46 AM,60.7,0,0.0,153646066.25
09:36:47 AM,60.2,0,0.0,153646066.25
09:36:47 AM,60.2,1200,72240.0,153718306.25
09:36:48 AM,60.5,0,0.0,153718306.25
09:36:48 AM,60.5,18825,1138912.5,154857218.75
09:36:50 AM,60.6,0,0.0,154857218.75
09:36:50 AM,60.95,1175,71616.25,154928835.0
09:36:51 AM,60.4,0,0.0,154928835.0
09:36:52 AM,60.65,0,0.0,154928835.0
09:36:52 AM,60.65,7450,451842.5,155380677.5
09:36:53 AM,60.1,0,0.0,155380677.5
09:36:53 AM,61.0,3150,192150.0,155572827.5
09:36:54 AM,61.1,0,0.0,155572827.5
09:36:55 AM,60.8,0,0.0,155572827.5
09:36:55 AM,60.9,825,50242.5,155623070.0
09:36:56 AM,61.0,0,0.0,155623070.0
09:36:57 AM,60.95,3775,230086.25,155853156.25
09:36:58 AM,61.2,0,0.0,155853156.25
09:36:58 AM,61.05,5225,318986.25,156172142.5
09:36:59 AM,61.0,0,0.0,156172142.5
09:37:00 AM,62.2,0,0.0,156172142.5
09:37:00 AM,62.8,5750,361100.0,156533242.5
09:37:01 AM,62.9,0,0.0,156533242.5
09:37:02 AM,62.55,0,0.0,156533242.5
09:37:02 AM,62.55,6050,378427.5,156911670.0
09:37:03 AM,62.9,0,0.0,156911670.0
09:37:03 AM,62.65,4300,269395.0,157181065.0
09:37:04 AM,62.35,0,0.0,157181065.0
09:37:05 AM,62.1,2150,133515.0,157314580.0
09:37:06 AM,63.9,0,0.0,157314580.0
09:37:07 AM,63.1,26025,1642177.5,158956757.5
09:37:08 AM,63.35,0,0.0,158956757.5
09:37:08 AM,64.5,1600,103200.0,159059957.5
09:37:09 AM,64.9,0,0.0,159059957.5
09:37:10 AM,64.6,0,0.0,159059957.5
09:37:10 AM,64.85,10225,663091.25,159723048.75
09:37:11 AM,64.3,0,0.0,159723048.75
09:37:12 AM,64.1,12875,825287.4999999999,160548336.25
09:37:12 AM,64.25,0,0.0,160548336.25
09:37:13 AM,64.8,0,0.0,160548336.25
09:37:13 AM,65.3,5300,346090.0,160894426.25
09:37:15 AM,65.05,0,0.0,160894426.25
09:37:15 AM,65.8,7625,501725.0,161396151.25
09:37:16 AM,65.15,0,0.0,161396151.25
09:37:17 AM,65.4,0,0.0,161396151.25
09:37:17 AM,65.4,18950,1239330.0,162635481.25
09:37:18 AM,65.35,0,0.0,162635481.25
09:37:18 AM,65.1,7175,467092.49999999994,163102573.75
09:37:19 AM,64.65,0,0.0,163102573.75
09:37:20 AM,63.2,0,0.0,163102573.75
09:37:20 AM,63.4,5225,331265.0,163433838.75
09:37:21 AM,63.7,0,0.0,163433838.75
09:37:22 AM,63.1,1500,94650.0,163528488.75
09:37:22 AM,63.35,0,0.0,163528488.75
09:37:23 AM,63.25,0,0.0,163528488.75
09:37:23 AM,64.2,2400,154080.0,163682568.75
09:37:24 AM,64.4,0,0.0,163682568.75
09:37:25 AM,65.05,0,0.0,163682568.75
09:37:25 AM,65.0,3850,250250.0,163932818.75
09:37:26 AM,64.65,0,0.0,163932818.75
09:37:26 AM,64.9,950,61655.00000000001,163994473.75
09:37:27 AM,65.05,0,0.0,163994473.75
09:37:28 AM,64.95,0,0.0,163994473.75
09:37:28 AM,64.8,3375,218700.0,164213173.75
09:37:29 AM,65.15,0,0.0,164213173.75
09:37:30 AM,65.6,0,0.0,164213173.75
09:37:30 AM,65.8,2250,148050.0,164361223.75
09:37:31 AM,68.1,0,0.0,164361223.75
09:37:31 AM,68.0,22125,1504500.0,165865723.75
09:37:32 AM,68.05,0,0.0,165865723.75
09:37:33 AM,68.4,0,0.0,165865723.75
09:37:33 AM,67.85,9350,634397.5,166500121.25
09:37:34 AM,67.0,0,0.0,166500121.25
09:37:35 AM,65.95,0,0.0,166500121.25
09:37:35 AM,65.95,11150,735342.5,167235463.75
09:37:36 AM,66.35,0,0.0,167235463.75
09:37:36 AM,66.35,2300,152605.0,167388068.75
09:37:38 AM,67.0,0,0.0,167388068.75
09:37:38 AM,66.75,1275,85106.25,167473175.0
09:37:39 AM,66.2,0,0.0,167473175.0
09:37:40 AM,66.05,0,0.0,167473175.0
09:37:40 AM,66.9,8425,563632.5,168036807.5
09:37:41 AM,67.2,0,0.0,168036807.5
09:37:41 AM,66.95,1775,118836.25,168155643.75
09:37:43 AM,66.65,0,0.0,168155643.75
09:37:43 AM,67.05,1200,80460.0,168236103.75
09:37:45 AM,67.55,0,0.0,168236103.75
09:37:45 AM,67.85,1675,113648.74999999999,168349752.5
09:37:46 AM,67.6,0,0.0,168349752.5
09:37:47 AM,67.65,3550,240157.50000000003,168589910.0
09:37:47 AM,68.05,0,0.0,168589910.0
09:37:48 AM,68.3,0,0.0,168589910.0
09:37:48 AM,68.2,3575,243815.0,168833725.0
09:37:49 AM,68.6,0,0.0,168833725.0
09:37:50 AM,68.65,0,0.0,168833725.0
09:37:50 AM,68.55,11625,796893.75,169630618.75
09:37:51 AM,67.7,0,0.0,169630618.75
09:37:52 AM,67.7,3975,269107.5,169899726.25
09:37:52 AM,67.45,0,0.0,169899726.25
09:37:53 AM,66.95,0,0.0,169899726.25
09:37:53 AM,66.9,6700,448230.00000000006,170347956.25
09:37:54 AM,67.05,0,0.0,170347956.25
09:37:55 AM,67.1,0,0.0,170347956.25
09:37:55 AM,68.1,9050,616305.0,170964261.25
09:37:56 AM,67.3,0,0.0,170964261.25
09:37:57 AM,67.15,2275,152766.25,171117027.5
09:37:57 AM,67.3,0,0.0,171117027.5
09:37:58 AM,67.6,0,0.0,171117027.5
09:37:58 AM,67.3,4025,270882.5,171387910.0
09:37:59 AM,68.0,0,0.0,171387910.0
09:38:00 AM,67.4,0,0.0,171387910.0
09:38:00 AM,67.8,2575,174585.0,171562495.0
09:38:01 AM,68.3,0,0.0,171562495.0
09:38:02 AM,68.05,1525,103776.25,171666271.25
09:38:02 AM,68.1,0,0.0,171666271.25
09:38:03 AM,68.45,0,0.0,171666271.25
09:38:03 AM,68.85,3700,254744.99999999997,171921016.25
09:38:04 AM,68.0,0,0.0,171921016.25
09:38:05 AM,67.05,0,0.0,171921016.25
09:38:05 AM,67.35,4875,328331.25,172249347.5
09:38:06 AM,67.5,0,0.0,172249347.5
09:38:07 AM,68.0,4300,292400.0,172541747.5
09:38:07 AM,68.4,0,0.0,172541747.5
09:38:08 AM,68.15,0,0.0,172541747.5
09:38:08 AM,69.45,6525,453161.25,172994908.75
09:38:09 AM,69.95,0,0.0,172994908.75
09:38:10 AM,70.35,0,0.0,172994908.75
09:38:10 AM,70.15,15000,1052250.0,174047158.75
09:38:11 AM,70.1,0,0.0,174047158.75
09:38:12 AM,70.85,12225,866141.2499999999,174913300.0
09:38:12 AM,70.75,0,0.0,174913300.0
09:38:13 AM,69.95,0,0.0,174913300.0
09:38:13 AM,71.05,20450,1452972.5,176366272.5
09:38:15 AM,70.4,0,0.0,176366272.5
09:38:15 AM,69.35,15050,1043717.4999999999,177409990.0
09:38:16 AM,69.25,0,0.0,177409990.0
09:38:17 AM,69.5,3625,251937.5,177661927.5
09:38:17 AM,69.6,0,0.0,177661927.5
09:38:18 AM,70.0,0,0.0,177661927.5
09:38:18 AM,70.1,5150,361014.99999999994,178022942.5
09:38:19 AM,69.75,0,0.0,178022942.5
09:38:20 AM,70.75,0,0.0,178022942.5
09:38:20 AM,70.9,5350,379315.00000000006,178402257.5
09:38:21 AM,71.2,0,0.0,178402257.5
09:38:22 AM,70.45,23800,1676710.0,180078967.5
09:38:22 AM,70.65,0,0.0,180078967.5
09:38:23 AM,70.5,0,0.0,180078967.5
09:38:23 AM,70.15,25125,1762518.7500000002,181841486.25
09:38:24 AM,69.95,0,0.0,181841486.25
09:38:25 AM,70.0,4550,318500.0,182159986.25
09:38:26 AM,70.2,0,0.0,182159986.25
09:38:27 AM,70.9,4200,297780.0,182457766.25
09:38:27 AM,71.35,0,0.0,182457766.25
09:38:28 AM,71.1,0,0.0,182457766.25
09:38:28 AM,70.55,3700,261035.0,182718801.25
09:38:29 AM,70.25,0,0.0,182718801.25
09:38:30 AM,70.75,0,0.0,182718801.25
09:38:30 AM,70.95,12800,908160.0,183626961.25
09:38:31 AM,70.5,0,0.0,183626961.25
09:38:32 AM,69.8,2425,169265.0,183796226.25
09:38:32 AM,69.35,0,0.0,183796226.25
09:38:33 AM,68.95,0,0.0,183796226.25
09:38:33 AM,69.5,5075,352712.5,184148938.75
09:38:34 AM,69.45,0,0.0,184148938.75
09:38:35 AM,70.65,3400,240210.00000000003,184389148.75
09:38:35 AM,70.8,0,0.0,184389148.75
09:38:36 AM,71.75,0,0.0,184389148.75
09:38:37 AM,72.45,5850,423832.5,184812981.25
09:38:37 AM,72.2,0,0.0,184812981.25
09:38:38 AM,71.65,0,0.0,184812981.25
09:38:38 AM,71.2,2100,149520.0,184962501.25
09:38:39 AM,71.6,0,0.0,184962501.25
09:38:40 AM,71.3,0,0.0,184962501.25
09:38:40 AM,71.15,3425,243688.75000000003,185206190.0
09:38:41 AM,69.8,0,0.0,185206190.0
09:38:42 AM,70.85,6525,462296.24999999994,185668486.25
09:38:42 AM,70.75,0,0.0,185668486.25
09:38:43 AM,70.65,0,0.0,185668486.25
09:38:43 AM,70.65,1925,136001.25,185804487.5
09:38:44 AM,71.15,0,0.0,185804487.5
09:38:45 AM,71.3,0,0.0,185804487.5
09:38:45 AM,71.75,3125,224218.75,186028706.25
09:38:46 AM,71.1,0,0.0,186028706.25
09:38:47 AM,71.65,2200,157630.0,186186336.25
09:38:47 AM,71.35,0,0.0,186186336.25
09:38:48 AM,70.95,0,0.0,186186336.25
09:38:48 AM,71.05,2350,166967.5,186353303.75
09:38:49 AM,70.35,0,0.0,186353303.75
09:38:50 AM,70.45,0,0.0,186353303.75
09:38:50 AM,70.75,2025,143268.75,186496572.5
09:38:51 AM,70.95,0,0.0,186496572.5
09:38:52 AM,70.95,6200,439890.0,186936462.5
09:38:52 AM,70.75,0,0.0,186936462.5
09:38:53 AM,69.8,0,0.0,186936462.5
09:38:53 AM,69.9,4275,298822.5,187235285.0
09:38:55 AM,69.8,8625,602025.0,187837310.0
09:38:56 AM,70.15,0,0.0,187837310.0
09:38:57 AM,69.75,5150,359212.5,188196522.5
09:38:57 AM,70.2,0,0.0,188196522.5
09:38:58 AM,69.85,0,0.0,188196522.5
09:38:58 AM,70.05,2975,208398.75,188404921.25
09:38:59 AM,69.9,0,0.0,188404921.25
09:39:00 AM,70.2,0,0.0,188404921.25
09:39:00 AM,70.2,4725,331695.0,188736616.25
09:39:01 AM,70.5,0,0.0,188736616.25
09:39:01 AM,71.0,5350,379850.0,189116466.25
09:39:02 AM,70.7,0,0.0,189116466.25
09:39:03 AM,70.3,0,0.0,189116466.25
09:39:03 AM,70.4,1025,72160.0,189188626.25
09:39:04 AM,70.95,0,0.0,189188626.25
09:39:05 AM,70.7,2450,173215.0,189361841.25
09:39:06 AM,71.0,0,0.0,189361841.25
09:39:06 AM,71.55,3000,214650.0,189576491.25
09:39:07 AM,71.8,0,0.0,189576491.25
09:39:08 AM,71.45,0,0.0,189576491.25
09:39:08 AM,71.5,700,50050.0,189626541.25
09:39:09 AM,71.65,0,0.0,189626541.25
09:39:10 AM,71.4,4275,305235.0,189931776.25
09:39:11 AM,71.55,0,0.0,189931776.25
09:39:11 AM,72.15,4575,330086.25,190261862.5
09:39:12 AM,72.4,0,0.0,190261862.5
09:39:13 AM,71.55,0,0.0,190261862.5
09:39:13 AM,71.25,3075,219093.75,190480956.25
09:39:14 AM,72.75,0,0.0,190480956.25
09:39:15 AM,74.55,25250,1882387.5,192363343.75
09:39:15 AM,74.45,0,0.0,192363343.75
09:39:16 AM,75.0,0,0.0,192363343.75
09:39:16 AM,74.45,9350,696107.5,193059451.25
09:39:17 AM,74.1,0,0.0,193059451.25
09:39:18 AM,73.85,4000,295400.0,193354851.25
09:39:18 AM,73.6,0,0.0,193354851.25
09:39:19 AM,73.85,0,0.0,193354851.25
09:39:19 AM,73.9,3375,249412.50000000003,193604263.75
09:39:20 AM,74.15,0,0.0,193604263.75
09:39:21 AM,74.65,0,0.0,193604263.75
09:39:21 AM,74.75,2325,173793.75,193778057.5
09:39:22 AM,75.0,0,0.0,193778057.5
09:39:23 AM,75.4,5150,388310.00000000006,194166367.5
09:39:23 AM,75.3,0,0.0,194166367.5
09:39:24 AM,74.2,0,0.0,194166367.5
09:39:24 AM,73.85,3200,236319.99999999997,194402687.5
09:39:25 AM,73.75,0,0.0,194402687.5
09:39:26 AM,74.05,0,0.0,194402687.5
09:39:26 AM,74.2,24625,1827175.0,196229862.5
09:39:27 AM,74.55,0,0.0,196229862.5
09:39:28 AM,74.2,3525,261555.0,196491417.5
09:39:29 AM,74.45,0,0.0,196491417.5
09:39:29 AM,74.95,3625,271693.75,196763111.25
09:39:30 AM,75.3,0,0.0,196763111.25
09:39:31 AM,76.0,0,0.0,196763111.25
09:39:31 AM,75.75,5300,401475.0,197164586.25
09:39:32 AM,76.1,0,0.0,197164586.25
09:39:32 AM,75.85,5275,400108.74999999994,197564695.0
09:39:33 AM,76.05,0,0.0,197564695.0
09:39:34 AM,75.0,0,0.0,197564695.0
09:39:34 AM,75.6,3425,258929.99999999997,197823625.0
09:39:35 AM,75.3,0,0.0,197823625.0
09:39:36 AM,74.8,14825,1108910.0,198932535.0
09:39:37 AM,74.85,0,0.0,198932535.0
09:39:37 AM,75.35,3975,299516.25,199232051.25
09:39:38 AM,76.05,0,0.0,199232051.25
09:39:39 AM,76.25,0,0.0,199232051.25
09:39:39 AM,76.2,7325,558165.0,199790216.25
09:39:40 AM,75.5,0,0.0,199790216.25
09:39:41 AM,75.35,2350,177072.5,199967288.75
09:39:42 AM,76.15,0,0.0,199967288.75
09:39:42 AM,76.8,5525,424320.0,200391608.75
09:39:43 AM,76.45,0,0.0,200391608.75
09:39:44 AM,75.4,0,0.0,200391608.75
09:39:44 AM,75.4,7900,595660.0,200987268.75
09:39:45 AM,75.5,0,0.0,200987268.75
09:39:46 AM,75.9,5200,394680.00000000006,201381948.75
09:39:46 AM,75.25,0,0.0,201381948.75
09:39:47 AM,75.05,0,0.0,201381948.75
09:39:47 AM,75.25,5225,393181.25,201775130.0
09:39:48 AM,75.65,0,0.0,201775130.0
09:39:49 AM,76.15,0,0.0,201775130.0
09:39:49 AM,76.15,4375,333156.25,202108286.25
09:39:50 AM,76.35,0,0.0,202108286.25
09:39:50 AM,76.95,6125,471318.75,202579605.0
09:39:51 AM,76.85,0,0.0,202579605.0
09:39:52 AM,77.6,0,0.0,202579605.0
09:39:52 AM,77.85,7450,579982.5,203159587.5
09:39:53 AM,77.4,0,0.0,203159587.5
09:39:54 AM,76.8,0,0.0,203159587.5
09:39:54 AM,76.8,10750,825600.0,203985187.5
09:39:55 AM,75.9,0,0.0,203985187.5
09:39:56 AM,76.4,20400,1558560.0,205543747.5
09:39:56 AM,76.25,0,0.0,205543747.5
09:39:57 AM,76.35,0,0.0,205543747.5
09:39:57 AM,76.95,5250,403987.5,205947735.0
09:39:58 AM,76.45,0,0.0,205947735.0
09:39:59 AM,76.2,2575,196215.0,206143950.0
09:39:59 AM,76.0,0,0.0,206143950.0
09:40:00 AM,77.2,0,0.0,206143950.0
09:40:00 AM,78.1,12075,943057.4999999999,207087007.5
09:40:01 AM,78.4,0,0.0,207087007.5
09:40:02 AM,78.95,0,0.0,207087007.5
09:40:02 AM,78.95,2975,234876.25,207321883.75
09:40:03 AM,78.85,0,0.0,207321883.75
09:40:04 AM,78.9,4950,390555.0,207712438.75
09:40:04 AM,78.25,0,0.0,207712438.75
09:40:05 AM,78.95,0,0.0,207712438.75
09:40:05 AM,80.0,13425,1074000.0,208786438.75
09:40:06 AM,79.0,0,0.0,208786438.75
09:40:07 AM,79.25,0,0.0,208786438.75
09:40:07 AM,78.9,5625,443812.50000000006,209230251.25
09:40:08 AM,80.0,0,0.0,209230251.25
09:40:09 AM,81.75,6700,547725.0,209777976.25
09:40:09 AM,81.55,0,0.0,209777976.25
09:40:10 AM,80.0,0,0.0,209777976.25
09:40:10 AM,80.1,9475,758947.5,210536923.75
09:40:11 AM,79.5,0,0.0,210536923.75
09:40:12 AM,79.6,0,0.0,210536923.75
09:40:12 AM,79.6,5550,441779.99999999994,210978703.75
09:40:13 AM,78.75,0,0.0,210978703.75
09:40:13 AM,79.15,6900,546135.0,211524838.75
09:40:14 AM,78.65,0,0.0,211524838.75
09:40:15 AM,80.6,0,0.0,211524838.75
09:40:15 AM,80.4,28125,2261250.0,213786088.75
09:40:16 AM,80.65,0,0.0,213786088.75
09:40:17 AM,81.3,0,0.0,213786088.75
09:40:17 AM,81.3,5000,406500.0,214192588.75
09:40:18 AM,81.85,0,0.0,214192588.75
09:40:18 AM,83.4,113075,9430455.0,223623043.75
09:40:19 AM,83.85,0,0.0,223623043.75
09:40:20 AM,82.4,0,0.0,223623043.75
09:40:20 AM,82.4,51675,4258020.0,227881063.75
09:40:21 AM,82.1,0,0.0,227881063.75
09:40:22 AM,82.35,6075,500276.24999999994,228381340.0
09:40:22 AM,82.9,0,0.0,228381340.0
09:40:23 AM,82.15,0,0.0,228381340.0
09:40:23 AM,82.3,7100,584330.0,228965670.0
09:40:24 AM,82.2,0,0.0,228965670.0
09:40:25 AM,82.45,0,0.0,228965670.0
09:40:25 AM,82.15,6725,552458.75,229518128.75
09:40:26 AM,82.3,0,0.0,229518128.75
09:40:27 AM,82.75,2825,233768.75,229751897.5
09:40:27 AM,82.95,0,0.0,229751897.5
09:40:28 AM,83.85,0,0.0,229751897.5
09:40:28 AM,84.4,3150,265860.0,230017757.5
09:40:29 AM,83.0,0,0.0,230017757.5
09:40:30 AM,80.95,0,0.0,230017757.5
09:40:30 AM,80.8,8200,662560.0,230680317.5
09:40:32 AM,80.75,7050,569287.5,231249605.0
09:40:32 AM,80.4,0,0.0,231249605.0
09:40:33 AM,81.75,0,0.0,231249605.0
09:40:33 AM,81.1,3400,275740.0,231525345.0
09:40:34 AM,81.3,0,0.0,231525345.0
09:40:35 AM,82.8,0,0.0,231525345.0
09:40:35 AM,83.15,5250,436537.50000000006,231961882.5
09:40:36 AM,81.35,0,0.0,231961882.5
09:40:37 AM,81.25,12375,1005468.75,232967351.25
09:40:37 AM,81.4,0,0.0,232967351.25
09:40:38 AM,81.2,0,0.0,232967351.25
09:40:38 AM,80.6,6650,535990.0,233503341.25
09:40:39 AM,80.35,0,0.0,233503341.25
09:40:40 AM,80.6,0,0.0,233503341.25
09:40:40 AM,80.3,15025,1206507.5,234709848.75
09:40:41 AM,79.8,0,0.0,234709848.75
09:40:42 AM,78.65,7975,627233.75,235337082.5
09:40:42 AM,78.15,0,0.0,235337082.5
09:40:43 AM,77.4,0,0.0,235337082.5
09:40:43 AM,77.45,7075,547958.75,235885041.25
09:40:44 AM,77.5,0,0.0,235885041.25
09:40:45 AM,78.15,0,0.0,235885041.25
09:40:45 AM,77.0,16625,1280125.0,237165166.25
09:40:46 AM,76.3,0,0.0,237165166.25
09:40:47 AM,77.35,15650,1210527.5,238375693.75
09:40:47 AM,77.7,0,0.0,238375693.75
09:40:48 AM,78.2,0,0.0,238375693.75
09:40:48 AM,79.75,7300,582175.0,238957868.75
09:40:49 AM,80.4,0,0.0,238957868.75
09:40:50 AM,81.35,0,0.0,238957868.75
09:40:50 AM,81.35,6425,522673.74999999994,239480542.5
09:40:51 AM,81.3,0,0.0,239480542.5
09:40:52 AM,81.05,3625,293806.25,239774348.75
09:40:52 AM,81.25,0,0.0,239774348.75
09:40:53 AM,80.65,0,0.0,239774348.75
09:40:53 AM,80.4,4775,383910.0,240158258.75
09:40:54 AM,80.6,0,0.0,240158258.75
09:40:55 AM,80.05,0,0.0,240158258.75
09:40:55 AM,79.9,2225,177777.5,240336036.25
09:40:56 AM,79.55,0,0.0,240336036.25
09:40:57 AM,79.35,4100,325335.0,240661371.25
09:40:57 AM,78.85,0,0.0,240661371.25
09:40:58 AM,79.45,0,0.0,240661371.25
09:40:58 AM,79.9,2775,221722.50000000003,240883093.75
09:40:59 AM,79.5,0,0.0,240883093.75
09:41:00 AM,80.4,875,70350.0,240953443.75
09:41:00 AM,81.25,0,0.0,240953443.75
09:41:01 AM,81.15,0,0.0,240953443.75
09:41:02 AM,81.45,2125,173081.25,241126525.0
09:41:03 AM,80.9,0,0.0,241126525.0
09:41:03 AM,81.35,4350,353872.5,241480397.5
09:41:04 AM,81.45,0,0.0,241480397.5
09:41:05 AM,80.6,0,0.0,241480397.5
09:41:05 AM,79.6,3650,290540.0,241770937.5
09:41:06 AM,79.8,0,0.0,241770937.5
09:41:07 AM,80.1,1400,112139.99999999999,241883077.5
09:41:07 AM,80.4,0,0.0,241883077.5
09:41:08 AM,79.95,0,0.0,241883077.5
09:41:08 AM,80.25,3250,260812.5,242143890.0
09:41:09 AM,80.6,0,0.0,242143890.0
09:41:10 AM,80.3,0,0.0,242143890.0
09:41:10 AM,80.1,2825,226282.49999999997,242370172.5
09:41:11 AM,79.25,0,0.0,242370172.5
09:41:12 AM,80.6,1075,86645.0,242456817.5
09:41:13 AM,80.45,0,0.0,242456817.5
09:41:13 AM,79.25,6550,519087.5,242975905.0
09:41:14 AM,78.7,0,0.0,242975905.0
09:41:15 AM,77.75,0,0.0,242975905.0
09:41:15 AM,77.9,5675,442082.50000000006,243417987.5
09:41:16 AM,77.05,0,0.0,243417987.5
09:41:17 AM,78.15,5825,455223.75000000006,243873211.25
09:41:17 AM,77.65,0,0.0,243873211.25
09:41:18 AM,77.8,0,0.0,243873211.25
09:41:18 AM,77.85,3375,262743.75,244135955.0
09:41:19 AM,78.4,0,0.0,244135955.0
09:41:20 AM,79.15,0,0.0,244135955.0
09:41:20 AM,78.1,4950,386595.0,244522550.0
09:41:21 AM,78.4,0,0.0,244522550.0
09:41:22 AM,79.15,1475,116746.25000000001,244639296.25
09:41:22 AM,78.95,0,0.0,244639296.25
09:41:23 AM,77.8,0,0.0,244639296.25
09:41:23 AM,77.65,1825,141711.25,244781007.5
09:41:24 AM,78.15,0,0.0,244781007.5
09:41:25 AM,78.15,1625,126993.75000000001,244908001.25
09:41:26 AM,78.35,0,0.0,244908001.25
09:41:27 AM,79.7,2175,173347.5,245081348.75
09:41:27 AM,79.5,0,0.0,245081348.75
09:41:28 AM,80.15,0,0.0,245081348.75
09:41:28 AM,79.95,4700,375765.0,245457113.75
09:41:29 AM,80.0,0,0.0,245457113.75
09:41:30 AM,79.15,0,0.0,245457113.75
09:41:30 AM,79.15,1800,142470.0,245599583.75
09:41:31 AM,78.25,0,0.0,245599583.75
09:41:32 AM,77.8,3000,233400.0,245832983.75
09:41:32 AM,78.0,0,0.0,245832983.75
09:41:33 AM,77.65,0,0.0,245832983.75
09:41:33 AM,77.5,1675,129812.5,245962796.25
09:41:34 AM,78.1,0,0.0,245962796.25
09:41:35 AM,78.0,4775,372450.0,246335246.25
09:41:36 AM,76.8,0,0.0,246335246.25
09:41:37 AM,77.0,2300,177100.0,246512346.25
09:41:37 AM,77.1,0,0.0,246512346.25
09:41:38 AM,77.5,0,0.0,246512346.25
09:41:38 AM,77.65,4300,333895.0,246846241.25
09:41:39 AM,77.75,0,0.0,246846241.25
09:41:40 AM,77.75,3500,272125.0,247118366.25
09:41:41 AM,78.3,0,0.0,247118366.25
09:41:42 AM,78.25,3475,271918.75,247390285.0
09:41:42 AM,78.1,0,0.0,247390285.0
09:41:43 AM,77.6,0,0.0,247390285.0
09:41:43 AM,77.45,2800,216860.0,247607145.0
09:41:44 AM,76.8,0,0.0,247607145.0
09:41:45 AM,76.35,0,0.0,247607145.0
09:41:45 AM,76.0,9975,758100.0,248365245.0
09:41:46 AM,74.7,0,0.0,248365245.0
09:41:47 AM,73.0,15425,1126025.0,249491270.0
09:41:47 AM,72.65,0,0.0,249491270.0
09:41:48 AM,73.2,0,0.0,249491270.0
09:41:48 AM,73.05,8925,651971.25,250143241.25
09:41:49 AM,73.3,0,0.0,250143241.25
09:41:50 AM,74.0,0,0.0,250143241.25
09:41:50 AM,74.4,8800,654720.0,250797961.25
09:41:51 AM,73.5,0,0.0,250797961.25
09:41:52 AM,73.25,2900,212425.0,251010386.25
09:41:52 AM,73.3,0,0.0,251010386.25
09:41:53 AM,73.7,0,0.0,251010386.25
09:41:53 AM,73.6,5075,373520.0,251383906.25
09:41:54 AM,73.9,0,0.0,251383906.25
09:41:55 AM,74.95,0,0.0,251383906.25
09:41:55 AM,74.95,3275,245461.25,251629367.5
09:41:56 AM,75.3,0,0.0,251629367.5
09:41:57 AM,75.3,2125,160012.5,251789380.0
09:41:57 AM,75.6,0,0.0,251789380.0
09:41:58 AM,75.55,0,0.0,251789380.0
09:41:58 AM,75.8,4675,354365.0,252143745.0
09:41:59 AM,75.95,0,0.0,252143745.0
09:42:00 AM,75.2,3250,244400.0,252388145.0
09:42:00 AM,74.75,0,0.0,252388145.0
09:42:01 AM,75.6,0,0.0,252388145.0
09:42:02 AM,77.6,6175,479179.99999999994,252867325.0
09:42:02 AM,77.5,0,0.0,252867325.0
09:42:03 AM,77.3,5250,405825.0,253273150.0
09:42:04 AM,77.65,0,0.0,253273150.0
09:42:05 AM,77.55,1825,141528.75,253414678.75
09:42:05 AM,77.75,0,0.0,253414678.75
09:42:06 AM,77.25,0,0.0,253414678.75
09:42:07 AM,76.75,1850,141987.5,253556666.25
09:42:07 AM,76.9,0,0.0,253556666.25
09:42:08 AM,76.1,0,0.0,253556666.25
09:42:08 AM,75.5,4500,339750.0,253896416.25
09:42:09 AM,76.35,0,0.0,253896416.25
09:42:10 AM,75.15,1150,86422.5,253982838.75
09:42:11 AM,75.25,0,0.0,253982838.75
09:42:12 AM,74.85,2300,172155.0,254154993.75
09:42:12 AM,74.65,0,0.0,254154993.75
09:42:13 AM,74.55,0,0.0,254154993.75
09:42:13 AM,74.95,2875,215481.25,254370475.0
09:42:14 AM,75.8,0,0.0,254370475.0
09:42:15 AM,76.85,1900,146015.0,254516490.0
09:42:16 AM,78.5,0,0.0,254516490.0
09:42:17 AM,78.75,5025,395718.75,254912208.75
09:42:17 AM,78.65,0,0.0,254912208.75
09:42:18 AM,78.8,0,0.0,254912208.75
09:42:18 AM,78.4,2950,231280.00000000003,255143488.75
09:42:19 AM,78.15,0,0.0,255143488.75
09:42:20 AM,77.65,0,0.0,255143488.75
09:42:20 AM,77.5,4075,315812.5,255459301.25
09:42:21 AM,77.4,0,0.0,255459301.25
09:42:22 AM,76.7,2700,207090.0,255666391.25
09:42:22 AM,76.6,0,0.0,255666391.25
09:42:23 AM,76.45,0,0.0,255666391.25
09:42:23 AM,76.9,1400,107660.00000000001,255774051.25
09:42:24 AM,77.65,0,0.0,255774051.25
09:42:25 AM,76.95,0,0.0,255774051.25
09:42:25 AM,77.25,1350,104287.5,255878338.75
09:42:27 AM,77.3,2950,228035.0,256106373.75
09:42:27 AM,77.15,0,0.0,256106373.75
09:42:28 AM,76.85,0,0.0,256106373.75
09:42:28 AM,76.8,3450,264960.0,256371333.75
09:42:29 AM,76.5,0,0.0,256371333.75
09:42:30 AM,76.25,0,0.0,256371333.75
09:42:30 AM,76.65,1025,78566.25,256449900.0
09:42:31 AM,77.9,0,0.0,256449900.0
09:42:32 AM,77.8,4200,326760.0,256776660.0
09:42:33 AM,76.45,0,0.0,256776660.0
09:42:33 AM,76.3,3875,295662.5,257072322.5
09:42:34 AM,76.95,0,0.0,257072322.5
09:42:35 AM,76.65,375,28743.750000000004,257101066.25
09:42:36 AM,77.25,0,0.0,257101066.25
09:42:37 AM,77.7,1375,106837.5,257207903.75
09:42:37 AM,77.55,0,0.0,257207903.75
09:42:38 AM,76.7,0,0.0,257207903.75
09:42:38 AM,76.15,1000,76150.0,257284053.75
09:42:39 AM,76.3,0,0.0,257284053.75
09:42:40 AM,75.65,3875,293143.75,257577197.5
09:42:41 AM,76.05,0,0.0,257577197.5
09:42:42 AM,75.85,12650,959502.4999999999,258536700.0
09:42:43 AM,76.55,0,0.0,258536700.0
09:42:43 AM,77.0,875,67375.0,258604075.0
09:42:44 AM,76.55,0,0.0,258604075.0
09:42:45 AM,77.1,1225,94447.5,258698522.5
09:42:46 AM,76.0,0,0.0,258698522.5
09:42:47 AM,75.7,2050,155185.0,258853707.5
09:42:48 AM,76.8,0,0.0,258853707.5
09:42:48 AM,76.95,3725,286638.75,259140346.25
09:42:49 AM,77.15,0,0.0,259140346.25
09:42:50 AM,76.85,0,0.0,259140346.25
09:42:50 AM,76.85,925,71086.25,259211432.5
09:42:51 AM,76.55,0,0.0,259211432.5
09:42:52 AM,76.2,3150,240030.0,259451462.5
09:42:53 AM,76.9,0,0.0,259451462.5
09:42:53 AM,77.1,1600,123359.99999999999,259574822.5
09:42:54 AM,76.5,0,0.0,259574822.5
09:42:55 AM,76.6,0,0.0,259574822.5
09:42:55 AM,76.4,4225,322790.0,259897612.5
09:42:56 AM,76.35,0,0.0,259897612.5
09:42:57 AM,76.0,1225,93100.0,259990712.5
09:42:58 AM,75.65,0,0.0,259990712.5
09:42:58 AM,76.2,1400,106680.0,260097392.5
09:42:59 AM,76.75,0,0.0,260097392.5
09:43:00 AM,77.15,0,0.0,260097392.5
09:43:00 AM,77.3,6700,517910.0,260615302.5
09:43:01 AM,77.95,0,0.0,260615302.5
09:43:02 AM,78.5,6750,529875.0,261145177.5
09:43:03 AM,78.6,0,0.0,261145177.5
09:43:03 AM,78.2,10525,823055.0,261968232.5
09:43:04 AM,78.05,0,0.0,261968232.5
09:43:05 AM,78.35,0,0.0,261968232.5
09:43:05 AM,77.95,775,60411.25,262028643.75
09:43:06 AM,78.0,0,0.0,262028643.75
09:43:07 AM,77.65,1825,141711.25,262170355.0
09:43:07 AM,78.15,0,0.0,262170355.0
09:43:08 AM,77.65,0,0.0,262170355.0
09:43:08 AM,77.3,2675,206777.5,262377132.5
09:43:09 AM,77.6,0,0.0,262377132.5
09:43:10 AM,78.3,2850,223155.0,262600287.5
09:43:11 AM,78.4,0,0.0,262600287.5
09:43:12 AM,76.45,8375,640268.75,263240556.25
09:43:12 AM,76.4,0,0.0,263240556.25
09:43:13 AM,76.35,0,0.0,263240556.25
09:43:13 AM,76.1,3775,287277.5,263527833.75
09:43:15 AM,76.35,2525,192783.75,263720617.5
09:43:16 AM,77.1,0,0.0,263720617.5
09:43:17 AM,78.0,4250,331500.0,264052117.5
09:43:18 AM,76.85,0,0.0,264052117.5
09:43:18 AM,76.85,950,73007.5,264125125.0
09:43:19 AM,76.45,0,0.0,264125125.0
09:43:20 AM,76.8,975,74880.0,264200005.0
09:43:21 AM,77.15,0,0.0,264200005.0
09:43:22 AM,77.8,1575,122535.0,264322540.0
09:43:22 AM,77.75,0,0.0,264322540.0
09:43:23 AM,77.9,0,0.0,264322540.0
09:43:23 AM,78.0,1400,109200.0,264431740.0
09:43:24 AM,78.2,0,0.0,264431740.0
09:43:25 AM,79.6,7200,573120.0,265004860.0
09:43:26 AM,80.0,0,0.0,265004860.0
09:43:27 AM,81.0,7800,631800.0,265636660.0
09:43:27 AM,80.45,0,0.0,265636660.0
09:43:28 AM,80.55,0,0.0,265636660.0
09:43:28 AM,80.85,6075,491163.74999999994,266127823.75
09:43:29 AM,80.45,0,0.0,266127823.75
09:43:30 AM,80.45,4925,396216.25,266524040.0
09:43:31 AM,81.0,0,0.0,266524040.0
09:43:32 AM,80.6,2150,173290.0,266697330.0
09:43:33 AM,81.15,0,0.0,266697330.0
09:43:33 AM,82.6,18850,1557010.0,268254340.0
09:43:34 AM,81.5,0,0.0,268254340.0
09:43:35 AM,81.85,0,0.0,268254340.0
09:43:35 AM,81.95,7600,622820.0,268877160.0
09:43:36 AM,82.2,0,0.0,268877160.0
09:43:37 AM,82.75,3825,316518.75,269193678.75
09:43:37 AM,82.25,0,0.0,269193678.75
09:43:38 AM,82.8,0,0.0,269193678.75
09:43:38 AM,82.25,5175,425643.75,269619322.5
09:43:39 AM,82.5,0,0.0,269619322.5
09:43:40 AM,82.75,0,0.0,269619322.5
09:43:40 AM,82.75,5600,463400.0,270082722.5
09:43:41 AM,82.8,0,0.0,270082722.5
09:43:42 AM,83.15,9025,750428.75,270833151.25
09:43:42 AM,83.3,0,0.0,270833151.25
09:43:43 AM,85.05,0,0.0,270833151.25
09:43:43 AM,84.8,39075,3313560.0,274146711.25
09:43:45 AM,84.15,0,0.0,274146711.25
09:43:45 AM,84.2,9900,833580.0,274980291.25
09:43:46 AM,85.0,0,0.0,274980291.25
09:43:47 AM,84.65,8950,757617.5,275737908.75
09:43:47 AM,84.8,0,0.0,275737908.75
09:43:48 AM,85.5,0,0.0,275737908.75
09:43:48 AM,84.8,5300,449440.0,276187348.75
09:43:49 AM,85.1,0,0.0,276187348.75
09:43:50 AM,84.85,0,0.0,276187348.75
09:43:50 AM,84.75,5625,476718.75,276664067.5
09:43:51 AM,84.15,0,0.0,276664067.5
09:43:52 AM,84.35,6775,571471.25,277235538.75
09:43:52 AM,84.4,0,0.0,277235538.75
09:43:53 AM,84.6,0,0.0,277235538.75
09:43:53 AM,84.9,4400,373560.0,277609098.75
09:43:54 AM,84.45,0,0.0,277609098.75
09:43:55 AM,85.7,0,0.0,277609098.75
09:43:55 AM,85.6,5025,430140.0,278039238.75
09:43:56 AM,85.0,0,0.0,278039238.75
09:43:57 AM,85.0,6150,522750.0,278561988.75
09:43:57 AM,85.45,0,0.0,278561988.75
09:43:58 AM,85.7,0,0.0,278561988.75
09:43:58 AM,86.55,7175,620996.25,279182985.0
09:43:59 AM,86.85,0,0.0,279182985.0
09:44:00 AM,86.8,0,0.0,279182985.0
09:44:00 AM,86.65,8975,777683.75,279960668.75
09:44:01 AM,86.55,0,0.0,279960668.75
09:44:02 AM,86.6,12975,1123635.0,281084303.75
09:44:02 AM,86.85,0,0.0,281084303.75
09:44:03 AM,84.9,0,0.0,281084303.75
09:44:03 AM,85.65,12825,1098461.25,282182765.0
09:44:04 AM,86.4,0,0.0,282182765.0
09:44:05 AM,86.2,0,0.0,282182765.0
09:44:05 AM,85.5,4150,354825.0,282537590.0
09:44:06 AM,86.0,0,0.0,282537590.0
09:44:07 AM,85.65,7600,650940.0,283188530.0
09:44:08 AM,86.1,0,0.0,283188530.0
09:44:08 AM,85.1,3525,299977.5,283488507.5
09:44:09 AM,84.6,0,0.0,283488507.5
09:44:10 AM,83.85,0,0.0,283488507.5
