date,price,qty,trnvr,cum_trnvr
09:15:05 AM,404.6,150,60690.0,60690.0
09:15:05 AM,403.7,0,0.0,60690.0
09:15:06 AM,405.45,0,0.0,60690.0
09:15:06 AM,405.45,275,111498.75,172188.75
09:15:07 AM,403.5,0,0.0,172188.75
09:15:07 AM,403.5,25,10087.5,182276.25
09:15:08 AM,403.7,0,0.0,182276.25
09:15:08 AM,403.7,50,20185.0,202461.25
09:15:09 AM,403.8,0,0.0,202461.25
09:15:09 AM,401.8,425,170765.0,373226.25
09:15:11 AM,402.0,100,40200.0,413426.25
09:15:12 AM,400.55,0,0.0,413426.25
09:15:12 AM,400.55,125,50068.75,463495.0
09:15:13 AM,398.05,0,0.0,463495.0
09:15:13 AM,398.0,100,39800.0,503295.0
09:15:16 AM,396.7,0,0.0,503295.0
09:15:16 AM,396.7,200,79340.0,582635.0
09:15:16 AM,394.75,0,0.0,582635.0
09:15:17 AM,394.0,0,0.0,582635.0
09:15:17 AM,394.0,300,118200.0,700835.0
09:15:18 AM,395.65,0,0.0,700835.0
09:15:18 AM,395.65,25,9891.25,710726.25
09:15:20 AM,398.95,0,0.0,710726.25
09:15:21 AM,400.8,0,0.0,710726.25
09:15:21 AM,400.8,900,360720.0,1071446.25
09:15:22 AM,399.8,0,0.0,1071446.25
09:15:22 AM,401.25,375,150468.75,1221915.0
09:15:23 AM,400.0,0,0.0,1221915.0
09:15:24 AM,398.05,75,29853.75,1251768.75
09:15:26 AM,399.45,0,0.0,1251768.75
09:15:26 AM,399.45,25,9986.25,1261755.0
09:15:27 AM,398.35,0,0.0,1261755.0
09:15:28 AM,398.35,100,39835.0,1301590.0
09:15:28 AM,399.05,0,0.0,1301590.0
09:15:29 AM,399.05,25,9976.25,1311566.25
09:15:29 AM,399.95,0,0.0,1311566.25
09:15:30 AM,398.05,0,0.0,1311566.25
09:15:30 AM,397.75,275,109381.25,1420947.5
09:15:32 AM,399.65,150,59947.5,1480895.0
09:15:32 AM,399.75,0,0.0,1480895.0
09:15:33 AM,399.75,100,39975.0,1520870.0
09:15:33 AM,396.5,0,0.0,1520870.0
09:15:34 AM,396.5,25,9912.5,1530782.5
09:15:35 AM,391.2,0,0.0,1530782.5
09:15:36 AM,390.0,700,273000.0,1803782.5
09:15:37 AM,389.45,0,0.0,1803782.5
09:15:37 AM,389.45,50,19472.5,1823255.0
09:15:41 AM,387.95,0,0.0,1823255.0
09:15:41 AM,387.95,150,58192.5,1881447.5
09:15:42 AM,386.0,0,0.0,1881447.5
09:15:43 AM,385.0,150,57750.0,1939197.5
09:15:43 AM,385.45,0,0.0,1939197.5
09:15:44 AM,380.5,0,0.0,1939197.5
09:15:44 AM,380.5,600,228300.0,2167497.5
09:15:45 AM,381.0,0,0.0,2167497.5
09:15:45 AM,381.0,25,9525.0,2177022.5
09:15:46 AM,382.15,0,0.0,2177022.5
09:15:47 AM,381.0,100,38100.0,2215122.5
09:15:48 AM,383.9,0,0.0,2215122.5
09:15:48 AM,383.9,25,9597.5,2224720.0
09:15:49 AM,382.8,0,0.0,2224720.0
09:15:50 AM,381.3,0,0.0,2224720.0
09:15:51 AM,381.5,175,66762.5,2291482.5
09:15:52 AM,382.55,0,0.0,2291482.5
09:15:52 AM,382.55,25,9563.75,2301046.25
09:15:53 AM,379.85,0,0.0,2301046.25
09:15:53 AM,379.85,25,9496.25,2310542.5
09:15:54 AM,380.45,0,0.0,2310542.5
09:15:55 AM,376.75,50,18837.5,2329380.0
09:15:56 AM,377.45,0,0.0,2329380.0
09:15:56 AM,376.95,375,141356.25,2470736.25
09:15:57 AM,375.55,0,0.0,2470736.25
09:15:57 AM,376.4,50,18820.0,2489556.25
09:15:59 AM,373.65,0,0.0,2489556.25
09:15:59 AM,373.65,25,9341.25,2498897.5
09:16:00 AM,376.6,0,0.0,2498897.5
09:16:00 AM,376.6,225,84735.0,2583632.5
09:16:02 AM,377.15,25,9428.75,2593061.25
09:16:03 AM,377.65,0,0.0,2593061.25
09:16:03 AM,375.45,175,65703.75,2658765.0
09:16:05 AM,379.45,0,0.0,2658765.0
09:16:06 AM,379.45,75,28458.75,2687223.75
09:16:06 AM,377.7,0,0.0,2687223.75
09:16:07 AM,377.7,350,132195.0,2819418.75
09:16:09 AM,377.3,0,0.0,2819418.75
09:16:10 AM,374.2,0,0.0,2819418.75
09:16:11 AM,374.2,150,56130.0,2875548.75
09:16:11 AM,373.65,0,0.0,2875548.75
09:16:12 AM,373.65,350,130777.49999999999,3006326.25
09:16:13 AM,375.8,0,0.0,3006326.25
09:16:13 AM,375.8,75,28185.0,3034511.25
09:16:15 AM,372.9,0,0.0,3034511.25
09:16:16 AM,374.2,225,84195.0,3118706.25
09:16:17 AM,375.65,0,0.0,3118706.25
09:16:18 AM,375.65,100,37565.0,3156271.25
09:16:18 AM,377.05,0,0.0,3156271.25
09:16:19 AM,377.05,25,9426.25,3165697.5
09:16:22 AM,379.4,0,0.0,3165697.5
09:16:23 AM,378.6,0,0.0,3165697.5
09:16:23 AM,378.6,50,18930.0,3184627.5
09:16:25 AM,381.0,0,0.0,3184627.5
09:16:26 AM,381.0,75,28575.0,3213202.5
09:16:27 AM,381.7,0,0.0,3213202.5
09:16:28 AM,381.7,250,95425.0,3308627.5
09:16:30 AM,378.6,0,0.0,3308627.5
09:16:30 AM,378.6,250,94650.0,3403277.5
09:16:31 AM,379.05,0,0.0,3403277.5
09:16:32 AM,379.3,125,47412.5,3450690.0
09:16:34 AM,377.2,0,0.0,3450690.0
09:16:35 AM,377.2,225,84870.0,3535560.0
09:16:35 AM,375.65,0,0.0,3535560.0
09:16:36 AM,375.0,0,0.0,3535560.0
09:16:36 AM,375.0,1575,590625.0,4126185.0
09:16:37 AM,376.25,0,0.0,4126185.0
09:16:38 AM,376.25,75,28218.75,4154403.75
09:16:38 AM,377.1,0,0.0,4154403.75
09:16:39 AM,377.1,25,9427.5,4163831.25
09:16:39 AM,379.25,0,0.0,4163831.25
09:16:40 AM,376.15,0,0.0,4163831.25
09:16:41 AM,376.15,75,28211.25,4192042.5
09:16:41 AM,378.4,0,0.0,4192042.5
09:16:42 AM,376.8,875,329700.0,4521742.5
09:16:43 AM,376.15,0,0.0,4521742.5
09:16:43 AM,376.15,25,9403.75,4531146.25
09:16:45 AM,376.0,0,0.0,4531146.25
09:16:46 AM,376.0,25,9400.0,4540546.25
09:16:54 AM,378.45,0,0.0,4540546.25
09:16:54 AM,378.45,25,9461.25,4550007.5
09:16:59 AM,377.9,0,0.0,4550007.5
09:17:00 AM,377.9,25,9447.5,4559455.0
09:17:00 AM,376.0,0,0.0,4559455.0
09:17:01 AM,376.0,150,56400.0,4615855.0
09:17:04 AM,372.0,0,0.0,4615855.0
09:17:05 AM,373.0,0,0.0,4615855.0
09:17:05 AM,373.0,125,46625.0,4662480.0
09:17:09 AM,372.55,0,0.0,4662480.0
09:17:09 AM,372.55,50,18627.5,4681107.5
09:17:11 AM,375.9,0,0.0,4681107.5
09:17:12 AM,375.85,0,0.0,4681107.5
09:17:12 AM,375.85,125,46981.25,4728088.75
09:17:13 AM,377.15,0,0.0,4728088.75
09:17:14 AM,377.15,25,9428.75,4737517.5
09:17:22 AM,384.35,0,0.0,4737517.5
09:17:22 AM,384.35,25,9608.75,4747126.25
09:17:24 AM,383.35,0,0.0,4747126.25
09:17:24 AM,383.35,100,38335.0,4785461.25
09:17:25 AM,383.2,0,0.0,4785461.25
09:17:25 AM,383.2,100,38320.0,4823781.25
09:17:29 AM,383.35,0,0.0,4823781.25
09:17:29 AM,383.2,125,47900.0,4871681.25
09:17:34 AM,384.0,0,0.0,4871681.25
09:17:34 AM,384.0,50,19200.0,4890881.25
09:17:37 AM,385.15,0,0.0,4890881.25
09:17:37 AM,385.15,150,57772.5,4948653.75
09:17:38 AM,385.05,0,0.0,4948653.75
09:17:38 AM,385.05,200,77010.0,5025663.75
09:17:41 AM,387.8,0,0.0,5025663.75
09:17:41 AM,387.8,100,38780.0,5064443.75
09:17:42 AM,388.2,0,0.0,5064443.75
09:17:43 AM,388.2,250,97050.0,5161493.75
09:17:44 AM,392.2,0,0.0,5161493.75
09:17:45 AM,392.2,25,9805.0,5171298.75
09:17:46 AM,393.95,0,0.0,5171298.75
09:17:47 AM,393.95,50,19697.5,5190996.25
09:17:48 AM,392.2,0,0.0,5190996.25
09:17:48 AM,393.65,0,0.0,5190996.25
09:17:48 AM,393.65,100,39365.0,5230361.25
09:17:49 AM,393.0,0,0.0,5230361.25
09:17:50 AM,392.65,50,19632.5,5249993.75
09:17:51 AM,392.55,200,78510.0,5328503.75
09:17:52 AM,392.55,75,29441.25,5357945.0
09:17:54 AM,391.4,0,0.0,5357945.0
09:17:55 AM,391.4,1000,391400.0,5749345.0
09:17:57 AM,389.35,0,0.0,5749345.0
09:17:58 AM,389.1,300,116730.0,5866075.0
09:18:00 AM,388.0,0,0.0,5866075.0
09:18:00 AM,389.3,0,0.0,5866075.0
09:18:01 AM,389.3,125,48662.5,5914737.5
09:18:01 AM,388.0,0,0.0,5914737.5
09:18:02 AM,388.0,300,116400.0,6031137.5
09:18:04 AM,387.6,0,0.0,6031137.5
09:18:05 AM,387.6,100,38760.0,6069897.5
09:18:05 AM,386.45,0,0.0,6069897.5
09:18:06 AM,386.7,0,0.0,6069897.5
09:18:06 AM,386.7,150,58005.0,6127902.5
09:18:08 AM,384.4,0,0.0,6127902.5
09:18:09 AM,384.4,50,19220.0,6147122.5
09:18:11 AM,387.0,0,0.0,6147122.5
09:18:12 AM,387.0,25,9675.0,6156797.5
09:18:13 AM,390.0,0,0.0,6156797.5
09:18:13 AM,390.0,200,78000.0,6234797.5
09:18:15 AM,391.2,0,0.0,6234797.5
09:18:16 AM,391.2,50,19560.0,6254357.5
09:18:16 AM,392.55,0,0.0,6254357.5
09:18:17 AM,393.0,0,0.0,6254357.5
09:18:17 AM,393.0,50,19650.0,6274007.5
09:18:19 AM,393.6,0,0.0,6274007.5
09:18:20 AM,393.6,125,49200.0,6323207.5
09:18:20 AM,395.0,0,0.0,6323207.5
09:18:21 AM,395.0,500,197500.0,6520707.5
09:18:23 AM,393.1,0,0.0,6520707.5
09:18:24 AM,393.1,50,19655.0,6540362.5
09:18:28 AM,395.0,0,0.0,6540362.5
09:18:29 AM,395.25,0,0.0,6540362.5
09:18:29 AM,395.25,200,79050.0,6619412.5
09:18:30 AM,397.0,0,0.0,6619412.5
09:18:31 AM,397.0,75,29775.0,6649187.5
09:18:31 AM,397.55,0,0.0,6649187.5
09:18:33 AM,396.75,0,0.0,6649187.5
09:18:33 AM,396.75,375,148781.25,6797968.75
09:18:35 AM,400.0,0,0.0,6797968.75
09:18:36 AM,400.0,425,170000.0,6967968.75
09:18:37 AM,397.95,0,0.0,6967968.75
09:18:38 AM,400.75,1500,601125.0,7569093.75
09:18:38 AM,401.55,0,0.0,7569093.75
09:18:39 AM,401.9,0,0.0,7569093.75
09:18:39 AM,401.9,625,251187.5,7820281.25
09:18:40 AM,398.9,0,0.0,7820281.25
09:18:41 AM,398.2,225,89595.0,7909876.25
09:18:42 AM,399.8,0,0.0,7909876.25
09:18:43 AM,399.8,1025,409795.0,8319671.25
09:18:43 AM,400.0,0,0.0,8319671.25
09:18:44 AM,400.55,0,0.0,8319671.25
09:18:44 AM,400.55,100,40055.0,8359726.25
09:18:46 AM,398.95,0,0.0,8359726.25
09:18:47 AM,396.05,0,0.0,8359726.25
09:18:48 AM,396.05,500,198025.0,8557751.25
09:18:53 AM,398.95,0,0.0,8557751.25
09:18:54 AM,398.95,125,49868.75,8607620.0
09:18:55 AM,401.9,0,0.0,8607620.0
09:18:55 AM,402.0,0,0.0,8607620.0
09:18:56 AM,402.0,125,50250.0,8657870.0
09:18:59 AM,397.0,0,0.0,8657870.0
09:18:59 AM,397.0,500,198500.0,8856370.0
09:19:00 AM,396.1,0,0.0,8856370.0
09:19:01 AM,396.1,400,158440.0,9014810.0
09:19:02 AM,394.0,0,0.0,9014810.0
09:19:03 AM,394.3,50,19715.0,9034525.0
09:19:05 AM,394.45,0,0.0,9034525.0
09:19:06 AM,394.45,25,9861.25,9044386.25
09:19:09 AM,393.5,0,0.0,9044386.25
09:19:09 AM,393.5,1950,767325.0,9811711.25
09:19:11 AM,394.8,0,0.0,9811711.25
09:19:13 AM,394.8,500,197400.0,10009111.25
09:19:14 AM,392.3,0,0.0,10009111.25
09:19:14 AM,392.3,75,29422.5,10038533.75
09:19:19 AM,394.9,0,0.0,10038533.75
09:19:19 AM,394.9,25,9872.5,10048406.25
09:19:22 AM,394.2,0,0.0,10048406.25
09:19:23 AM,394.2,125,49275.0,10097681.25
09:19:24 AM,395.15,0,0.0,10097681.25
09:19:24 AM,395.5,0,0.0,10097681.25
09:19:24 AM,395.5,50,19775.0,10117456.25
09:19:29 AM,392.55,0,0.0,10117456.25
09:19:29 AM,392.55,50,19627.5,10137083.75
09:19:34 AM,390.0,0,0.0,10137083.75
09:19:34 AM,390.0,75,29250.0,10166333.75
09:19:35 AM,389.45,0,0.0,10166333.75
09:19:36 AM,388.0,0,0.0,10166333.75
09:19:36 AM,388.0,50,19400.0,10185733.75
09:19:39 AM,387.7,0,0.0,10185733.75
09:19:39 AM,387.7,275,106617.5,10292351.25
09:19:41 AM,388.2,0,0.0,10292351.25
09:19:41 AM,388.2,200,77640.0,10369991.25
09:19:43 AM,387.0,0,0.0,10369991.25
09:19:44 AM,386.95,0,0.0,10369991.25
09:19:44 AM,386.95,2375,919006.25,11288997.5
09:19:45 AM,385.6,0,0.0,11288997.5
09:19:46 AM,385.6,350,134960.0,11423957.5
09:19:47 AM,386.05,0,0.0,11423957.5
09:19:48 AM,386.05,50,19302.5,11443260.0
09:19:54 AM,386.35,0,0.0,11443260.0
09:19:54 AM,386.35,25,9658.75,11452918.75
09:20:00 AM,380.05,0,0.0,11452918.75
09:20:01 AM,380.95,125,47618.75,11500537.5
09:20:02 AM,381.65,0,0.0,11500537.5
09:20:03 AM,381.8,50,19090.0,11519627.5
09:20:03 AM,381.3,0,0.0,11519627.5
09:20:04 AM,381.3,25,9532.5,11529160.0
09:20:06 AM,382.65,0,0.0,11529160.0
09:20:07 AM,384.5,0,0.0,11529160.0
09:20:08 AM,384.5,300,115350.0,11644510.0
09:20:09 AM,385.25,0,0.0,11644510.0
09:20:09 AM,385.15,0,0.0,11644510.0
09:20:09 AM,385.15,250,96287.5,11740797.5
09:20:10 AM,381.8,0,0.0,11740797.5
09:20:11 AM,380.85,75,28563.75,11769361.25
09:20:12 AM,382.2,0,0.0,11769361.25
09:20:13 AM,382.2,25,9555.0,11778916.25
09:20:14 AM,384.1,0,0.0,11778916.25
09:20:14 AM,384.1,50,19205.0,11798121.25
09:20:15 AM,385.65,0,0.0,11798121.25
09:20:16 AM,385.65,25,9641.25,11807762.5
09:20:17 AM,385.0,0,0.0,11807762.5
09:20:18 AM,385.0,25,9625.0,11817387.5
09:20:18 AM,384.0,0,0.0,11817387.5
09:20:19 AM,384.0,25,9600.0,11826987.5
09:20:20 AM,382.05,0,0.0,11826987.5
09:20:20 AM,382.9,0,0.0,11826987.5
09:20:21 AM,382.9,200,76580.0,11903567.5
09:20:23 AM,381.05,250,95262.5,11998830.0
09:20:24 AM,380.0,0,0.0,11998830.0
09:20:24 AM,379.1,0,0.0,11998830.0
09:20:24 AM,379.1,275,104252.5,12103082.5
09:20:26 AM,375.45,0,0.0,12103082.5
09:20:26 AM,375.45,200,75090.0,12178172.5
09:20:26 AM,376.45,0,0.0,12178172.5
09:20:27 AM,376.15,0,0.0,12178172.5
09:20:28 AM,376.15,125,47018.75,12225191.25
09:20:29 AM,378.55,0,0.0,12225191.25
09:20:29 AM,378.55,25,9463.75,12234655.0
09:20:30 AM,378.4,0,0.0,12234655.0
09:20:31 AM,378.4,350,132440.0,12367095.0
09:20:32 AM,381.95,0,0.0,12367095.0
09:20:33 AM,380.1,125,47512.5,12414607.5
09:20:33 AM,380.95,0,0.0,12414607.5
09:20:35 AM,380.05,75,28503.75,12443111.25
09:20:36 AM,379.8,0,0.0,12443111.25
09:20:38 AM,379.8,100,37980.0,12481091.25
09:20:39 AM,382.0,0,0.0,12481091.25
09:20:40 AM,382.0,100,38200.0,12519291.25
09:20:41 AM,379.75,0,0.0,12519291.25
09:20:41 AM,379.75,25,9493.75,12528785.0
09:20:43 AM,378.4,0,0.0,12528785.0
09:20:43 AM,378.4,25,9460.0,12538245.0
09:20:47 AM,381.7,0,0.0,12538245.0
09:20:47 AM,382.0,0,0.0,12538245.0
09:20:48 AM,382.0,50,19100.0,12557345.0
09:20:48 AM,380.85,0,0.0,12557345.0
09:20:49 AM,380.75,0,0.0,12557345.0
09:20:50 AM,380.75,425,161818.75,12719163.75
09:20:53 AM,380.75,25,9518.75,12728682.5
09:20:57 AM,379.5,0,0.0,12728682.5
09:20:58 AM,378.75,175,66281.25,12794963.75
09:20:59 AM,380.1,0,0.0,12794963.75
09:21:00 AM,380.1,25,9502.5,12804466.25
09:21:00 AM,381.45,0,0.0,12804466.25
09:21:01 AM,380.0,0,0.0,12804466.25
09:21:01 AM,380.0,225,85500.0,12889966.25
09:21:05 AM,379.2,0,0.0,12889966.25
09:21:06 AM,379.2,75,28440.0,12918406.25
09:21:10 AM,384.1,0,0.0,12918406.25
09:21:11 AM,384.1,25,9602.5,12928008.75
09:21:12 AM,383.0,0,0.0,12928008.75
09:21:13 AM,383.0,25,9575.0,12937583.75
09:21:15 AM,383.0,25,9575.0,12947158.75
09:21:27 AM,380.45,0,0.0,12947158.75
09:21:28 AM,380.45,25,9511.25,12956670.0
09:21:31 AM,381.85,25,9546.25,12966216.25
09:21:32 AM,383.0,0,0.0,12966216.25
09:21:33 AM,383.0,350,134050.0,13100266.25
09:21:34 AM,382.15,0,0.0,13100266.25
09:21:35 AM,382.15,50,19107.5,13119373.75
09:21:38 AM,380.15,0,0.0,13119373.75
09:21:38 AM,380.15,50,19007.5,13138381.25
09:21:54 AM,380.85,0,0.0,13138381.25
09:21:55 AM,380.85,25,9521.25,13147902.5
09:22:00 AM,376.55,0,0.0,13147902.5
09:22:01 AM,375.2,0,0.0,13147902.5
09:22:01 AM,375.2,275,103180.0,13251082.5
09:22:06 AM,376.55,0,0.0,13251082.5
09:22:06 AM,376.55,75,28241.25,13279323.75
09:22:15 AM,374.35,0,0.0,13279323.75
09:22:16 AM,375.6,0,0.0,13279323.75
09:22:16 AM,375.6,225,84510.0,13363833.75
09:22:18 AM,379.85,0,0.0,13363833.75
09:22:18 AM,379.85,25,9496.25,13373330.0
09:22:19 AM,377.85,0,0.0,13373330.0
09:22:20 AM,377.85,25,9446.25,13382776.25
09:22:25 AM,377.8,0,0.0,13382776.25
09:22:26 AM,377.8,150,56670.0,13439446.25
09:22:33 AM,377.1,0,0.0,13439446.25
09:22:33 AM,377.1,175,65992.5,13505438.75
09:22:36 AM,381.55,0,0.0,13505438.75
09:22:38 AM,381.55,25,9538.75,13514977.5
09:22:46 AM,378.15,0,0.0,13514977.5
09:22:46 AM,378.15,25,9453.75,13524431.25
09:22:53 AM,374.0,0,0.0,13524431.25
09:22:53 AM,374.0,50,18700.0,13543131.25
09:22:53 AM,373.0,0,0.0,13543131.25
09:22:54 AM,372.0,0,0.0,13543131.25
09:22:55 AM,372.0,200,74400.0,13617531.25
09:22:57 AM,372.1,0,0.0,13617531.25
09:22:57 AM,370.6,0,0.0,13617531.25
09:22:58 AM,369.9,0,0.0,13617531.25
09:22:58 AM,369.9,300,110970.0,13728501.25
09:23:00 AM,367.65,0,0.0,13728501.25
09:23:00 AM,367.65,1500,551475.0,14279976.25
09:23:01 AM,367.25,0,0.0,14279976.25
09:23:01 AM,366.9,0,0.0,14279976.25
09:23:01 AM,366.9,275,100897.5,14380873.75
09:23:02 AM,368.05,0,0.0,14380873.75
09:23:03 AM,368.05,125,46006.25,14426880.0
09:23:04 AM,369.75,0,0.0,14426880.0
09:23:05 AM,369.75,75,27731.25,14454611.25
09:23:05 AM,368.0,0,0.0,14454611.25
09:23:06 AM,368.0,100,36800.0,14491411.25
09:23:09 AM,365.0,0,0.0,14491411.25
09:23:09 AM,367.4,0,0.0,14491411.25
09:23:10 AM,367.4,1200,440880.0,14932291.25
09:23:10 AM,366.85,0,0.0,14932291.25
09:23:11 AM,366.85,125,45856.25,14978147.5
09:23:24 AM,371.25,0,0.0,14978147.5
09:23:25 AM,371.1,0,0.0,14978147.5
09:23:25 AM,371.1,225,83497.5,15061645.0
09:23:28 AM,367.55,0,0.0,15061645.0
09:23:28 AM,367.55,250,91887.5,15153532.5
09:23:39 AM,372.0,0,0.0,15153532.5
09:23:40 AM,372.0,25,9300.0,15162832.5
09:23:41 AM,375.8,0,0.0,15162832.5
09:23:41 AM,375.8,1700,638860.0,15801692.5
09:23:43 AM,378.1,0,0.0,15801692.5
09:23:43 AM,378.1,100,37810.0,15839502.5
09:23:43 AM,378.2,0,0.0,15839502.5
09:23:45 AM,378.2,25,9455.0,15848957.5
09:23:49 AM,378.65,0,0.0,15848957.5
09:23:50 AM,378.65,25,9466.25,15858423.75
09:23:56 AM,380.0,25,9500.0,15867923.75
09:23:57 AM,376.45,0,0.0,15867923.75
09:23:58 AM,376.45,100,37645.0,15905568.75
09:23:58 AM,376.05,0,0.0,15905568.75
09:23:59 AM,375.35,0,0.0,15905568.75
09:24:00 AM,375.35,125,46918.75,15952487.5
09:24:01 AM,373.75,0,0.0,15952487.5
09:24:01 AM,373.75,25,9343.75,15961831.25
09:24:01 AM,372.5,0,0.0,15961831.25
09:24:02 AM,371.15,0,0.0,15961831.25
09:24:03 AM,371.15,300,111345.0,16073176.25
09:24:06 AM,369.15,0,0.0,16073176.25
09:24:06 AM,369.15,50,18457.5,16091633.75
09:24:07 AM,370.45,0,0.0,16091633.75
09:24:08 AM,368.0,50,18400.0,16110033.75
09:24:09 AM,369.05,0,0.0,16110033.75
09:24:09 AM,368.35,0,0.0,16110033.75
09:24:10 AM,368.35,150,55252.5,16165286.25
09:24:13 AM,369.0,0,0.0,16165286.25
09:24:13 AM,369.0,25,9225.0,16174511.25
09:24:16 AM,369.15,0,0.0,16174511.25
09:24:16 AM,369.15,50,18457.5,16192968.75
09:24:17 AM,368.35,0,0.0,16192968.75
09:24:18 AM,366.4,150,54960.0,16247928.75
09:24:26 AM,367.7,1400,514780.0,16762708.75
09:24:27 AM,366.4,0,0.0,16762708.75
09:24:28 AM,366.4,25,9160.0,16771868.75
09:24:29 AM,367.5,0,0.0,16771868.75
09:24:30 AM,367.5,25,9187.5,16781056.25
09:24:33 AM,366.7,0,0.0,16781056.25
09:24:33 AM,366.7,100,36670.0,16817726.25
09:24:34 AM,364.0,0,0.0,16817726.25
09:24:35 AM,366.15,0,0.0,16817726.25
09:24:35 AM,366.15,375,137306.25,16955032.5
09:24:39 AM,364.45,0,0.0,16955032.5
09:24:40 AM,364.45,25,9111.25,16964143.75
09:24:47 AM,364.15,0,0.0,16964143.75
09:24:48 AM,364.15,25,9103.75,16973247.5
09:24:50 AM,367.85,0,0.0,16973247.5
09:24:50 AM,367.85,50,18392.5,16991640.0
09:24:55 AM,362.15,0,0.0,16991640.0
09:24:55 AM,361.5,225,81337.5,17072977.5
09:24:56 AM,363.15,0,0.0,17072977.5
09:24:57 AM,363.15,25,9078.75,17082056.25
09:24:57 AM,364.6,0,0.0,17082056.25
09:24:58 AM,364.6,25,9115.0,17091171.25
09:25:05 AM,368.0,0,0.0,17091171.25
09:25:07 AM,368.6,50,18430.0,17109601.25
09:25:13 AM,367.8,25,9195.0,17118796.25
09:25:14 AM,368.1,0,0.0,17118796.25
09:25:15 AM,368.4,100,36840.0,17155636.25
09:25:15 AM,370.85,0,0.0,17155636.25
09:25:17 AM,370.85,1850,686072.5,17841708.75
09:25:17 AM,371.0,0,0.0,17841708.75
09:25:18 AM,371.0,25,9275.0,17850983.75
09:25:21 AM,372.45,0,0.0,17850983.75
09:25:22 AM,372.45,400,148980.0,17999963.75
09:25:25 AM,380.55,0,0.0,17999963.75
09:25:26 AM,382.2,0,0.0,17999963.75
09:25:27 AM,382.2,500,191100.0,18191063.75
09:25:27 AM,380.15,0,0.0,18191063.75
09:25:28 AM,380.15,200,76030.0,18267093.75
09:25:30 AM,376.3,0,0.0,18267093.75
09:25:30 AM,376.3,100,37630.0,18304723.75
09:25:30 AM,376.9,0,0.0,18304723.75
09:25:32 AM,376.9,25,9422.5,18314146.25
09:25:32 AM,377.1,0,0.0,18314146.25
09:25:33 AM,377.1,25,9427.5,18323573.75
09:25:36 AM,375.7,0,0.0,18323573.75
09:25:37 AM,375.7,100,37570.0,18361143.75
09:25:42 AM,376.8,0,0.0,18361143.75
09:25:43 AM,376.8,150,56520.0,18417663.75
09:25:54 AM,374.25,0,0.0,18417663.75
09:25:55 AM,374.25,25,9356.25,18427020.0
09:25:58 AM,376.3,0,0.0,18427020.0
09:25:58 AM,376.3,50,18815.0,18445835.0
09:26:00 AM,377.2,0,0.0,18445835.0
09:26:00 AM,379.35,150,56902.5,18502737.5
09:26:01 AM,379.8,0,0.0,18502737.5
09:26:02 AM,379.8,25,9495.0,18512232.5
09:26:03 AM,380.4,0,0.0,18512232.5
09:26:03 AM,380.4,25,9510.0,18521742.5
09:26:04 AM,380.15,0,0.0,18521742.5
09:26:05 AM,381.1,275,104802.5,18626545.0
09:26:07 AM,380.85,0,0.0,18626545.0
09:26:07 AM,380.85,250,95212.5,18721757.5
09:26:07 AM,380.45,0,0.0,18721757.5
09:26:08 AM,380.45,100,38045.0,18759802.5
09:26:09 AM,379.6,0,0.0,18759802.5
09:26:10 AM,379.6,25,9490.0,18769292.5
09:26:14 AM,378.8,0,0.0,18769292.5
09:26:15 AM,379.05,0,0.0,18769292.5
09:26:15 AM,379.05,50,18952.5,18788245.0
09:26:17 AM,382.2,50,19110.0,18807355.0
09:26:18 AM,384.75,0,0.0,18807355.0
09:26:18 AM,386.0,100,38600.0,18845955.0
09:26:19 AM,385.95,0,0.0,18845955.0
09:26:20 AM,385.15,550,211832.5,19057787.5
09:26:21 AM,385.0,0,0.0,19057787.5
09:26:22 AM,385.0,25,9625.0,19067412.5
09:26:22 AM,382.05,0,0.0,19067412.5
09:26:23 AM,382.05,25,9551.25,19076963.75
09:26:28 AM,383.45,0,0.0,19076963.75
09:26:28 AM,383.45,25,9586.25,19086550.0
09:26:29 AM,384.25,0,0.0,19086550.0
09:26:30 AM,384.25,1800,691650.0,19778200.0
09:26:32 AM,382.5,0,0.0,19778200.0
09:26:33 AM,382.5,50,19125.0,19797325.0
09:26:37 AM,385.0,0,0.0,19797325.0
09:26:37 AM,385.0,150,57750.0,19855075.0
09:26:40 AM,383.85,0,0.0,19855075.0
09:26:40 AM,383.85,50,19192.5,19874267.5
09:26:42 AM,386.0,0,0.0,19874267.5
09:26:42 AM,386.0,25,9650.0,19883917.5
09:26:44 AM,384.05,0,0.0,19883917.5
09:26:44 AM,383.3,0,0.0,19883917.5
09:26:45 AM,382.6,375,143475.0,20027392.5
09:26:45 AM,383.65,0,0.0,20027392.5
09:26:46 AM,384.15,0,0.0,20027392.5
09:26:47 AM,382.85,325,124426.25000000001,20151818.75
09:26:49 AM,385.6,0,0.0,20151818.75
09:26:50 AM,385.6,500,192800.0,20344618.75
09:26:50 AM,385.2,0,0.0,20344618.75
09:26:51 AM,382.85,0,0.0,20344618.75
09:26:52 AM,382.85,275,105283.75,20449902.5
09:26:53 AM,382.1,0,0.0,20449902.5
09:26:55 AM,382.1,25,9552.5,20459455.0
09:27:01 AM,380.15,0,0.0,20459455.0
09:27:02 AM,380.15,175,66526.25,20525981.25
09:27:02 AM,380.6,0,0.0,20525981.25
09:27:03 AM,380.6,425,161755.0,20687736.25
09:27:06 AM,381.15,0,0.0,20687736.25
09:27:07 AM,381.15,25,9528.75,20697265.0
09:27:09 AM,380.1,0,0.0,20697265.0
09:27:10 AM,380.1,50,19005.0,20716270.0
09:27:14 AM,377.25,0,0.0,20716270.0
09:27:15 AM,377.05,0,0.0,20716270.0
09:27:15 AM,377.05,75,28278.75,20744548.75
09:27:16 AM,375.0,0,0.0,20744548.75
09:27:17 AM,375.0,25,9375.0,20753923.75
09:27:19 AM,375.9,0,0.0,20753923.75
09:27:20 AM,375.9,25,9397.5,20763321.25
09:27:24 AM,375.0,0,0.0,20763321.25
09:27:25 AM,375.0,200,75000.0,20838321.25
09:27:26 AM,376.6,0,0.0,20838321.25
09:27:27 AM,376.6,25,9415.0,20847736.25
09:27:28 AM,376.6,25,9415.0,20857151.25
09:27:29 AM,379.25,0,0.0,20857151.25
09:27:30 AM,379.25,50,18962.5,20876113.75
09:27:32 AM,376.8,0,0.0,20876113.75
09:27:33 AM,376.8,150,56520.0,20932633.75
09:27:41 AM,381.1,0,0.0,20932633.75
09:27:42 AM,381.1,250,95275.0,21027908.75
09:27:42 AM,382.35,0,0.0,21027908.75
09:27:43 AM,391.35,3625,1418643.75,22446552.5
09:27:44 AM,391.4,0,0.0,22446552.5
09:27:45 AM,389.8,475,185155.0,22631707.5
09:27:45 AM,390.3,0,0.0,22631707.5
09:27:47 AM,387.35,0,0.0,22631707.5
09:27:47 AM,387.35,125,48418.75,22680126.25
09:27:48 AM,383.05,0,0.0,22680126.25
09:27:48 AM,383.05,25,9576.25,22689702.5
09:27:49 AM,383.2,0,0.0,22689702.5
09:27:50 AM,383.2,25,9580.0,22699282.5
09:27:50 AM,383.85,0,0.0,22699282.5
09:27:52 AM,383.85,50,19192.5,22718475.0
09:27:54 AM,385.3,0,0.0,22718475.0
09:27:55 AM,385.3,500,192650.0,22911125.0
09:27:57 AM,385.0,250,96250.0,23007375.0
09:27:58 AM,384.25,25,9606.25,23016981.25
09:28:02 AM,382.15,0,0.0,23016981.25
09:28:02 AM,382.15,400,152860.0,23169841.25
09:28:02 AM,382.1,0,0.0,23169841.25
09:28:03 AM,382.1,25,9552.5,23179393.75
09:28:05 AM,381.25,50,19062.5,23198456.25
09:28:11 AM,382.25,0,0.0,23198456.25
09:28:11 AM,382.85,0,0.0,23198456.25
09:28:12 AM,382.85,125,47856.25,23246312.5
09:28:14 AM,383.15,0,0.0,23246312.5
09:28:15 AM,383.15,25,9578.75,23255891.25
09:28:15 AM,383.75,0,0.0,23255891.25
09:28:16 AM,381.55,0,0.0,23255891.25
09:28:17 AM,381.55,325,124003.75,23379895.0
09:28:19 AM,382.0,0,0.0,23379895.0
09:28:20 AM,382.0,200,76400.0,23456295.0
09:28:21 AM,380.2,0,0.0,23456295.0
09:28:22 AM,379.8,350,132930.0,23589225.0
09:28:22 AM,378.4,0,0.0,23589225.0
09:28:23 AM,378.4,150,56760.0,23645985.0
09:28:26 AM,385.0,0,0.0,23645985.0
09:28:27 AM,385.0,1800,693000.0,24338985.0
09:28:27 AM,384.2,0,0.0,24338985.0
09:28:28 AM,384.0,0,0.0,24338985.0
09:28:28 AM,384.0,50,19200.0,24358185.0
09:28:30 AM,384.2,0,0.0,24358185.0
09:28:30 AM,384.2,25,9605.0,24367790.0
09:28:32 AM,386.3,100,38630.0,24406420.0
09:28:33 AM,384.0,0,0.0,24406420.0
09:28:33 AM,384.0,50,19200.0,24425620.0
09:28:34 AM,384.3,0,0.0,24425620.0
09:28:35 AM,384.3,100,38430.0,24464050.0
09:28:36 AM,385.3,0,0.0,24464050.0
09:28:37 AM,385.3,25,9632.5,24473682.5
09:28:37 AM,382.85,0,0.0,24473682.5
09:28:38 AM,382.85,150,57427.5,24531110.0
09:28:40 AM,384.4,0,0.0,24531110.0
09:28:40 AM,384.4,25,9610.0,24540720.0
09:28:41 AM,385.25,0,0.0,24540720.0
09:28:42 AM,385.25,200,77050.0,24617770.0
09:28:44 AM,383.95,0,0.0,24617770.0
09:28:45 AM,382.5,175,66937.5,24684707.5
09:28:46 AM,381.2,0,0.0,24684707.5
09:28:47 AM,381.2,25,9530.0,24694237.5
09:28:49 AM,382.3,0,0.0,24694237.5
09:28:50 AM,384.0,100,38400.0,24732637.5
09:28:51 AM,382.5,0,0.0,24732637.5
09:28:52 AM,382.5,50,19125.0,24751762.5
09:28:52 AM,385.0,0,0.0,24751762.5
09:28:53 AM,384.8,0,0.0,24751762.5
09:28:53 AM,384.8,425,163540.0,24915302.5
09:28:56 AM,385.4,0,0.0,24915302.5
09:28:57 AM,385.25,100,38525.0,24953827.5
09:28:58 AM,385.55,0,0.0,24953827.5
09:28:58 AM,385.55,575,221691.25,25175518.75
09:29:00 AM,386.0,0,0.0,25175518.75
09:29:00 AM,386.0,50,19300.0,25194818.75
09:29:04 AM,385.25,0,0.0,25194818.75
09:29:05 AM,385.45,0,0.0,25194818.75
09:29:05 AM,385.45,225,86726.25,25281545.0
09:29:06 AM,385.85,0,0.0,25281545.0
09:29:07 AM,385.85,25,9646.25,25291191.25
09:29:09 AM,388.0,0,0.0,25291191.25
09:29:09 AM,390.0,0,0.0,25291191.25
09:29:10 AM,390.1,150,58515.0,25349706.25
09:29:14 AM,389.55,0,0.0,25349706.25
09:29:14 AM,389.95,0,0.0,25349706.25
09:29:15 AM,389.95,325,126733.75,25476440.0
09:29:16 AM,392.6,0,0.0,25476440.0
09:29:17 AM,392.6,600,235560.0,25712000.0
09:29:18 AM,390.15,0,0.0,25712000.0
09:29:18 AM,390.8,0,0.0,25712000.0
09:29:19 AM,390.8,100,39080.0,25751080.0
09:29:25 AM,390.15,0,0.0,25751080.0
09:29:25 AM,389.45,50,19472.5,25770552.5
09:29:28 AM,386.05,0,0.0,25770552.5
09:29:28 AM,386.05,125,48256.25,25818808.75
09:29:30 AM,386.8,0,0.0,25818808.75
09:29:32 AM,386.8,50,19340.0,25838148.75
09:29:32 AM,384.8,0,0.0,25838148.75
09:29:33 AM,384.8,25,9620.0,25847768.75
09:29:39 AM,390.0,0,0.0,25847768.75
09:29:40 AM,390.0,50,19500.0,25867268.75
09:29:42 AM,391.05,0,0.0,25867268.75
09:29:42 AM,391.05,500,195525.0,26062793.75
09:29:46 AM,390.45,0,0.0,26062793.75
09:29:47 AM,390.45,250,97612.5,26160406.25
09:29:49 AM,391.45,0,0.0,26160406.25
09:29:50 AM,391.45,200,78290.0,26238696.25
09:30:00 AM,389.75,0,0.0,26238696.25
09:30:00 AM,389.75,500,194875.0,26433571.25
09:30:03 AM,391.0,0,0.0,26433571.25
09:30:03 AM,391.0,25,9775.0,26443346.25
09:30:07 AM,390.4,0,0.0,26443346.25
09:30:07 AM,390.4,25,9760.0,26453106.25
09:30:08 AM,388.8,0,0.0,26453106.25
09:30:08 AM,388.8,50,19440.0,26472546.25
09:30:11 AM,386.65,0,0.0,26472546.25
09:30:12 AM,386.65,25,9666.25,26482212.5
09:30:14 AM,385.0,0,0.0,26482212.5
09:30:15 AM,385.0,450,173250.0,26655462.5
09:30:19 AM,389.0,0,0.0,26655462.5
09:30:20 AM,389.2,0,0.0,26655462.5
09:30:20 AM,389.55,175,68171.25,26723633.75
09:30:22 AM,386.0,0,0.0,26723633.75
09:30:22 AM,386.0,250,96500.0,26820133.75
09:30:27 AM,385.7,0,0.0,26820133.75
09:30:27 AM,385.7,175,67497.5,26887631.25
09:30:27 AM,385.8,0,0.0,26887631.25
09:30:28 AM,385.8,25,9645.0,26897276.25
09:30:30 AM,382.0,0,0.0,26897276.25
09:30:30 AM,382.0,100,38200.0,26935476.25
09:30:32 AM,380.8,0,0.0,26935476.25
09:30:32 AM,380.0,50,19000.0,26954476.25
09:30:32 AM,380.3,0,0.0,26954476.25
09:30:33 AM,380.3,125,47537.5,27002013.75
09:30:37 AM,381.3,0,0.0,27002013.75
09:30:38 AM,381.3,150,57195.0,27059208.75
09:30:40 AM,380.45,0,0.0,27059208.75
09:30:40 AM,379.8,175,66465.0,27125673.75
09:30:46 AM,380.5,0,0.0,27125673.75
09:30:47 AM,382.0,0,0.0,27125673.75
09:30:47 AM,382.0,75,28650.0,27154323.75
09:30:48 AM,380.4,0,0.0,27154323.75
09:30:48 AM,380.4,125,47550.0,27201873.75
09:30:49 AM,382.4,0,0.0,27201873.75
09:30:50 AM,382.4,600,229440.0,27431313.75
09:30:53 AM,382.4,250,95600.0,27526913.75
09:30:58 AM,378.4,0,0.0,27526913.75
09:30:58 AM,378.4,300,113520.0,27640433.75
09:31:01 AM,377.55,0,0.0,27640433.75
09:31:02 AM,377.55,25,9438.75,27649872.5
09:31:04 AM,375.0,0,0.0,27649872.5
09:31:05 AM,375.0,100,37500.0,27687372.5
09:31:06 AM,374.0,0,0.0,27687372.5
09:31:07 AM,374.0,50,18700.0,27706072.5
09:31:08 AM,370.0,0,0.0,27706072.5
09:31:08 AM,366.65,350,128327.49999999999,27834400.0
09:31:10 AM,368.35,0,0.0,27834400.0
09:31:10 AM,368.35,100,36835.0,27871235.0
09:31:13 AM,370.05,0,0.0,27871235.0
09:31:13 AM,370.05,75,27753.75,27898988.75
09:31:14 AM,370.0,0,0.0,27898988.75
09:31:15 AM,370.0,50,18500.0,27917488.75
09:31:17 AM,368.35,0,0.0,27917488.75
09:31:17 AM,368.35,25,9208.75,27926697.5
09:31:18 AM,370.35,0,0.0,27926697.5
09:31:18 AM,370.8,50,18540.0,27945237.5
09:31:19 AM,369.0,0,0.0,27945237.5
09:31:20 AM,369.0,275,101475.0,28046712.5
09:31:21 AM,369.35,0,0.0,28046712.5
09:31:22 AM,369.35,50,18467.5,28065180.0
09:31:24 AM,371.95,25,9298.75,28074478.75
09:31:25 AM,369.9,0,0.0,28074478.75
09:31:25 AM,369.9,50,18495.0,28092973.75
09:31:27 AM,372.45,0,0.0,28092973.75
09:31:27 AM,371.95,475,176676.25,28269650.0
09:31:28 AM,370.1,0,0.0,28269650.0
09:31:29 AM,370.1,50,18505.0,28288155.0
09:31:29 AM,368.0,0,0.0,28288155.0
09:31:30 AM,368.0,25,9200.0,28297355.0
09:31:31 AM,366.55,0,0.0,28297355.0
09:31:32 AM,359.95,275,98986.25,28396341.25
09:31:32 AM,354.95,0,0.0,28396341.25
09:31:33 AM,352.3,0,0.0,28396341.25
09:31:34 AM,350.7,1625,569887.5,28966228.75
09:31:34 AM,354.75,0,0.0,28966228.75
09:31:35 AM,354.5,1500,531750.0,29497978.75
09:31:36 AM,356.25,0,0.0,29497978.75
09:31:37 AM,359.45,2100,754845.0,30252823.75
09:31:37 AM,362.05,0,0.0,30252823.75
09:31:39 AM,362.05,50,18102.5,30270926.25
09:31:40 AM,356.9,0,0.0,30270926.25
09:31:40 AM,355.55,250,88887.5,30359813.75
09:31:42 AM,355.15,0,0.0,30359813.75
09:31:42 AM,355.15,25,8878.75,30368692.5
09:31:43 AM,355.1,0,0.0,30368692.5
09:31:44 AM,355.1,100,35510.0,30404202.5
09:31:44 AM,360.8,0,0.0,30404202.5
09:31:45 AM,361.65,0,0.0,30404202.5
09:31:45 AM,360.9,75,27067.5,30431270.0
09:31:46 AM,361.7,0,0.0,30431270.0
09:31:47 AM,361.7,25,9042.5,30440312.5
09:31:48 AM,358.65,0,0.0,30440312.5
09:31:49 AM,358.65,25,8966.25,30449278.75
09:31:52 AM,357.8,0,0.0,30449278.75
09:31:52 AM,357.8,100,35780.0,30485058.75
09:31:55 AM,360.2,0,0.0,30485058.75
09:31:55 AM,360.2,200,72040.0,30557098.75
09:31:57 AM,358.45,0,0.0,30557098.75
09:31:57 AM,358.45,25,8961.25,30566060.0
09:31:58 AM,360.95,0,0.0,30566060.0
09:31:59 AM,360.95,50,18047.5,30584107.5
09:32:03 AM,359.7,0,0.0,30584107.5
09:32:04 AM,359.7,300,107910.0,30692017.5
09:32:05 AM,358.15,0,0.0,30692017.5
09:32:05 AM,357.55,75,26816.25,30718833.75
09:32:07 AM,355.0,0,0.0,30718833.75
09:32:07 AM,357.7,575,205677.5,30924511.25
09:32:12 AM,363.25,0,0.0,30924511.25
09:32:12 AM,363.25,200,72650.0,30997161.25
09:32:13 AM,362.6,0,0.0,30997161.25
09:32:14 AM,362.6,25,9065.0,31006226.25
09:32:16 AM,356.25,0,0.0,31006226.25
09:32:17 AM,356.25,1650,587812.5,31594038.75
09:32:19 AM,356.2,0,0.0,31594038.75
09:32:20 AM,358.35,175,62711.25000000001,31656750.0
09:32:22 AM,357.0,0,0.0,31656750.0
09:32:24 AM,357.95,275,98436.25,31755186.25
09:32:24 AM,360.45,0,0.0,31755186.25
09:32:25 AM,362.6,50,18130.0,31773316.25
09:32:27 AM,362.75,0,0.0,31773316.25
09:32:29 AM,361.05,75,27078.75,31800395.0
09:32:29 AM,363.45,0,0.0,31800395.0
09:32:30 AM,363.45,100,36345.0,31836740.0
09:32:37 AM,363.2,0,0.0,31836740.0
09:32:39 AM,363.2,50,18160.0,31854900.0
09:32:40 AM,365.0,0,0.0,31854900.0
09:32:40 AM,365.0,25,9125.0,31864025.0
09:32:42 AM,365.0,1475,538375.0,32402400.0
09:32:43 AM,366.65,0,0.0,32402400.0
09:32:44 AM,366.65,125,45831.25,32448231.25
09:32:46 AM,368.95,0,0.0,32448231.25
09:32:47 AM,368.0,50,18400.0,32466631.25
09:32:51 AM,370.0,0,0.0,32466631.25
09:32:52 AM,370.0,25,9250.0,32475881.25
09:32:52 AM,370.75,0,0.0,32475881.25
09:32:54 AM,370.75,50,18537.5,32494418.75
09:32:59 AM,368.0,0,0.0,32494418.75
09:33:00 AM,367.65,0,0.0,32494418.75
09:33:00 AM,367.65,75,27573.75,32521992.5
09:33:00 AM,368.9,0,0.0,32521992.5
09:33:02 AM,368.9,150,55335.0,32577327.5
09:33:04 AM,375.0,0,0.0,32577327.5
09:33:04 AM,375.0,300,112500.0,32689827.5
09:33:07 AM,376.2,0,0.0,32689827.5
09:33:07 AM,376.2,200,75240.0,32765067.5
09:33:08 AM,376.9,0,0.0,32765067.5
09:33:09 AM,376.9,25,9422.5,32774490.0
09:33:10 AM,375.4,0,0.0,32774490.0
09:33:12 AM,375.4,100,37540.0,32812030.0
09:33:14 AM,376.2,0,0.0,32812030.0
09:33:15 AM,376.9,0,0.0,32812030.0
09:33:15 AM,376.9,150,56535.0,32868565.0
09:33:18 AM,370.0,0,0.0,32868565.0
09:33:19 AM,370.0,25,9250.0,32877815.0
09:33:21 AM,366.0,0,0.0,32877815.0
09:33:22 AM,366.4,75,27480.0,32905295.0
09:33:26 AM,370.15,0,0.0,32905295.0
09:33:27 AM,370.15,25,9253.75,32914548.75
09:33:28 AM,371.45,0,0.0,32914548.75
09:33:28 AM,371.45,100,37145.0,32951693.75
09:33:30 AM,368.2,0,0.0,32951693.75
09:33:30 AM,368.2,25,9205.0,32960898.75
09:33:31 AM,367.05,0,0.0,32960898.75
09:33:32 AM,367.05,25,9176.25,32970075.0
09:33:33 AM,370.7,0,0.0,32970075.0
09:33:33 AM,370.7,1000,370700.0,33340775.0
09:33:34 AM,372.5,0,0.0,33340775.0
09:33:35 AM,372.5,25,9312.5,33350087.5
09:33:36 AM,372.4,0,0.0,33350087.5
09:33:37 AM,372.4,25,9310.0,33359397.5
09:33:39 AM,370.25,0,0.0,33359397.5
09:33:40 AM,369.6,0,0.0,33359397.5
09:33:40 AM,369.1,1500,553650.0,33913047.5
09:33:41 AM,369.15,0,0.0,33913047.5
09:33:42 AM,369.15,100,36915.0,33949962.5
09:33:45 AM,366.05,0,0.0,33949962.5
09:33:47 AM,365.25,0,0.0,33949962.5
09:33:47 AM,365.25,50,18262.5,33968225.0
09:33:49 AM,367.05,0,0.0,33968225.0
09:33:50 AM,367.05,25,9176.25,33977401.25
09:33:51 AM,366.0,0,0.0,33977401.25
09:33:52 AM,366.0,25,9150.0,33986551.25
09:33:53 AM,368.1,0,0.0,33986551.25
09:33:54 AM,368.1,300,110430.0,34096981.25
09:33:58 AM,365.25,0,0.0,34096981.25
09:33:58 AM,364.55,0,0.0,34096981.25
09:33:59 AM,364.55,225,82023.75,34179005.0
09:34:01 AM,364.35,0,0.0,34179005.0
09:34:01 AM,361.95,0,0.0,34179005.0
09:34:02 AM,362.2,100,36220.0,34215225.0
09:34:02 AM,362.95,0,0.0,34215225.0
09:34:04 AM,362.95,100,36295.0,34251520.0
09:34:04 AM,361.0,0,0.0,34251520.0
09:34:05 AM,360.0,0,0.0,34251520.0
09:34:05 AM,360.0,75,27000.0,34278520.0
09:34:06 AM,360.95,0,0.0,34278520.0
09:34:06 AM,363.4,0,0.0,34278520.0
09:34:07 AM,363.4,50,18170.0,34296690.0
09:34:09 AM,364.75,0,0.0,34296690.0
09:34:10 AM,364.75,25,9118.75,34305808.75
09:34:11 AM,368.4,0,0.0,34305808.75
09:34:12 AM,368.4,50,18420.0,34324228.75
09:34:25 AM,365.7,200,73140.0,34397368.75
09:34:30 AM,364.6,0,0.0,34397368.75
09:34:30 AM,364.6,25,9115.0,34406483.75
09:34:32 AM,364.7,0,0.0,34406483.75
09:34:32 AM,364.7,50,18235.0,34424718.75
09:34:36 AM,360.0,0,0.0,34424718.75
09:34:37 AM,360.0,175,63000.0,34487718.75
09:34:37 AM,359.55,0,0.0,34487718.75
09:34:38 AM,359.1,0,0.0,34487718.75
09:34:39 AM,357.95,1175,420591.25,34908310.0
09:34:39 AM,359.5,0,0.0,34908310.0
09:34:40 AM,359.5,100,35950.0,34944260.0
09:35:02 AM,360.9,0,0.0,34944260.0
09:35:02 AM,360.9,25,9022.5,34953282.5
09:35:06 AM,361.1,0,0.0,34953282.5
09:35:07 AM,362.0,0,0.0,34953282.5
09:35:07 AM,362.0,75,27150.0,34980432.5
09:35:11 AM,359.0,0,0.0,34980432.5
09:35:12 AM,358.4,0,0.0,34980432.5
09:35:12 AM,358.4,200,71680.0,35052112.5
09:35:13 AM,352.95,0,0.0,35052112.5
09:35:14 AM,352.95,1125,397068.75,35449181.25
09:35:14 AM,351.55,0,0.0,35449181.25
09:35:15 AM,350.65,0,0.0,35449181.25
09:35:15 AM,350.0,400,140000.0,35589181.25
09:35:17 AM,353.55,0,0.0,35589181.25
09:35:17 AM,353.55,100,35355.0,35624536.25
09:35:18 AM,354.45,0,0.0,35624536.25
09:35:19 AM,354.45,25,8861.25,35633397.5
09:35:24 AM,354.9,0,0.0,35633397.5
09:35:25 AM,354.9,25,8872.5,35642270.0
09:35:27 AM,353.7,0,0.0,35642270.0
09:35:27 AM,353.7,50,17685.0,35659955.0
09:35:28 AM,351.45,0,0.0,35659955.0
09:35:29 AM,351.45,50,17572.5,35677527.5
09:35:32 AM,353.7,0,0.0,35677527.5
09:35:34 AM,353.7,150,53055.0,35730582.5
09:35:35 AM,354.9,0,0.0,35730582.5
09:35:35 AM,354.9,100,35490.0,35766072.5
09:35:37 AM,354.7,0,0.0,35766072.5
09:35:37 AM,354.7,25,8867.5,35774940.0
09:35:39 AM,358.5,75,26887.5,35801827.5
09:35:40 AM,358.7,0,0.0,35801827.5
09:35:41 AM,358.7,75,26902.5,35828730.0
09:35:42 AM,356.7,0,0.0,35828730.0
09:35:43 AM,358.25,0,0.0,35828730.0
09:35:44 AM,359.3,0,0.0,35828730.0
09:35:44 AM,359.3,75,26947.5,35855677.5
09:35:45 AM,360.45,0,0.0,35855677.5
09:35:46 AM,360.45,100,36045.0,35891722.5
09:35:46 AM,360.1,0,0.0,35891722.5
09:35:47 AM,360.1,200,72020.0,35963742.5
09:35:49 AM,360.55,0,0.0,35963742.5
09:35:49 AM,360.55,25,9013.75,35972756.25
09:35:50 AM,361.5,0,0.0,35972756.25
09:35:51 AM,361.5,25,9037.5,35981793.75
09:35:52 AM,361.55,0,0.0,35981793.75
09:35:52 AM,361.55,25,9038.75,35990832.5
09:35:53 AM,362.1,0,0.0,35990832.5
09:35:54 AM,362.1,25,9052.5,35999885.0
09:35:55 AM,360.45,0,0.0,35999885.0
09:35:56 AM,360.45,25,9011.25,36008896.25
09:35:57 AM,360.35,0,0.0,36008896.25
09:35:57 AM,360.35,25,9008.75,36017905.0
09:36:00 AM,361.2,0,0.0,36017905.0
09:36:01 AM,361.55,725,262123.75,36280028.75
09:36:04 AM,361.95,0,0.0,36280028.75
09:36:04 AM,361.1,175,63192.50000000001,36343221.25
09:36:05 AM,361.8,0,0.0,36343221.25
09:36:06 AM,360.0,0,0.0,36343221.25
09:36:06 AM,360.0,125,45000.0,36388221.25
09:36:07 AM,360.45,0,0.0,36388221.25
09:36:07 AM,360.45,50,18022.5,36406243.75
09:36:09 AM,363.6,0,0.0,36406243.75
09:36:09 AM,363.6,200,72720.0,36478963.75
09:36:10 AM,363.25,0,0.0,36478963.75
09:36:11 AM,363.25,125,45406.25,36524370.0
09:36:11 AM,361.7,0,0.0,36524370.0
09:36:12 AM,362.7,0,0.0,36524370.0
09:36:12 AM,362.7,125,45337.5,36569707.5
09:36:13 AM,364.0,0,0.0,36569707.5
09:36:14 AM,364.0,50,18200.0,36587907.5
09:36:15 AM,360.7,0,0.0,36587907.5
09:36:16 AM,360.7,150,54105.0,36642012.5
09:36:16 AM,361.4,0,0.0,36642012.5
09:36:17 AM,361.15,0,0.0,36642012.5
09:36:17 AM,361.15,225,81258.75,36723271.25
09:36:20 AM,361.9,0,0.0,36723271.25
09:36:20 AM,361.9,25,9047.5,36732318.75
09:36:24 AM,365.45,0,0.0,36732318.75
09:36:24 AM,365.45,200,73090.0,36805408.75
09:36:25 AM,366.25,0,0.0,36805408.75
09:36:25 AM,366.25,225,82406.25,36887815.0
09:36:33 AM,361.15,0,0.0,36887815.0
09:36:34 AM,361.15,50,18057.5,36905872.5
09:36:34 AM,360.0,0,0.0,36905872.5
09:36:35 AM,358.0,0,0.0,36905872.5
09:36:35 AM,358.0,275,98450.0,37004322.5
09:36:36 AM,357.15,0,0.0,37004322.5
09:36:37 AM,355.55,0,0.0,37004322.5
09:36:37 AM,355.55,100,35555.0,37039877.5
09:36:38 AM,352.9,0,0.0,37039877.5
09:36:39 AM,352.9,325,114692.49999999999,37154570.0
09:36:39 AM,352.5,0,0.0,37154570.0
09:36:40 AM,352.5,200,70500.0,37225070.0
09:36:48 AM,356.05,0,0.0,37225070.0
09:36:49 AM,356.05,25,8901.25,37233971.25
09:36:51 AM,357.2,0,0.0,37233971.25
09:36:52 AM,357.2,100,35720.0,37269691.25
09:36:54 AM,354.0,375,132750.0,37402441.25
09:36:55 AM,356.1,0,0.0,37402441.25
09:36:55 AM,356.1,500,178050.0,37580491.25
09:37:06 AM,350.4,0,0.0,37580491.25
09:37:07 AM,350.4,1325,464279.99999999994,38044771.25
09:37:07 AM,350.0,0,0.0,38044771.25
09:37:08 AM,349.0,0,0.0,38044771.25
09:37:09 AM,349.0,1175,410075.0,38454846.25
09:37:10 AM,349.0,50,17450.0,38472296.25
09:37:11 AM,349.5,0,0.0,38472296.25
09:37:12 AM,349.5,175,61162.5,38533458.75
09:37:14 AM,349.2,0,0.0,38533458.75
09:37:15 AM,349.2,100,34920.0,38568378.75
09:37:17 AM,349.5,0,0.0,38568378.75
09:37:18 AM,351.2,0,0.0,38568378.75
09:37:19 AM,350.4,450,157680.0,38726058.75
09:37:20 AM,353.0,0,0.0,38726058.75
09:37:20 AM,353.0,50,17650.0,38743708.75
09:37:21 AM,353.1,0,0.0,38743708.75
09:37:22 AM,353.1,25,8827.5,38752536.25
09:37:22 AM,354.8,0,0.0,38752536.25
09:37:23 AM,354.8,50,17740.0,38770276.25
09:37:28 AM,350.0,0,0.0,38770276.25
09:37:28 AM,350.0,2150,752500.0,39522776.25
09:37:30 AM,349.0,0,0.0,39522776.25
09:37:30 AM,349.0,775,270475.0,39793251.25
09:37:31 AM,345.0,0,0.0,39793251.25
09:37:32 AM,345.0,100,34500.0,39827751.25
09:37:32 AM,342.55,0,0.0,39827751.25
09:37:33 AM,344.15,0,0.0,39827751.25
09:37:33 AM,344.15,425,146263.75,39974015.0
09:37:35 AM,346.25,0,0.0,39974015.0
09:37:35 AM,346.25,100,34625.0,40008640.0
09:37:36 AM,346.55,0,0.0,40008640.0
09:37:37 AM,346.55,50,17327.5,40025967.5
09:37:38 AM,345.25,0,0.0,40025967.5
09:37:38 AM,347.2,400,138880.0,40164847.5
09:37:40 AM,346.95,0,0.0,40164847.5
09:37:40 AM,346.95,75,26021.25,40190868.75
09:37:41 AM,344.8,0,0.0,40190868.75
09:37:42 AM,345.3,0,0.0,40190868.75
09:37:42 AM,345.3,150,51795.0,40242663.75
09:37:44 AM,345.9,0,0.0,40242663.75
09:37:45 AM,345.25,0,0.0,40242663.75
09:37:45 AM,345.35,450,155407.5,40398071.25
09:37:47 AM,345.3,0,0.0,40398071.25
09:37:47 AM,345.3,25,8632.5,40406703.75
09:37:52 AM,345.4,0,0.0,40406703.75
09:37:53 AM,346.2,0,0.0,40406703.75
09:37:54 AM,346.2,175,60585.0,40467288.75
09:37:55 AM,346.4,0,0.0,40467288.75
09:37:55 AM,346.4,25,8660.0,40475948.75
09:37:56 AM,346.05,0,0.0,40475948.75
09:37:57 AM,346.2,0,0.0,40475948.75
09:37:57 AM,343.55,400,137420.0,40613368.75
09:37:58 AM,343.35,0,0.0,40613368.75
09:37:59 AM,343.4,250,85850.0,40699218.75
09:38:00 AM,346.45,0,0.0,40699218.75
09:38:00 AM,343.35,1475,506441.25000000006,41205660.0
09:38:01 AM,343.85,0,0.0,41205660.0
09:38:02 AM,344.05,0,0.0,41205660.0
09:38:02 AM,344.05,50,17202.5,41222862.5
09:38:04 AM,342.5,0,0.0,41222862.5
09:38:05 AM,345.95,0,0.0,41222862.5
09:38:05 AM,345.95,525,181623.75,41404486.25
09:38:06 AM,345.45,0,0.0,41404486.25
09:38:07 AM,345.45,50,17272.5,41421758.75
09:38:07 AM,343.75,0,0.0,41421758.75
09:38:08 AM,339.0,0,0.0,41421758.75
09:38:09 AM,339.0,1325,449175.0,41870933.75
09:38:09 AM,339.7,0,0.0,41870933.75
09:38:10 AM,339.75,0,0.0,41870933.75
09:38:10 AM,339.75,275,93431.25,41964365.0
09:38:11 AM,339.7,0,0.0,41964365.0
09:38:12 AM,337.2,0,0.0,41964365.0
09:38:12 AM,337.2,225,75870.0,42040235.0
09:38:13 AM,339.85,0,0.0,42040235.0
09:38:14 AM,338.4,850,287640.0,42327875.0
09:38:15 AM,338.95,0,0.0,42327875.0
09:38:15 AM,341.45,350,119507.5,42447382.5
09:38:17 AM,342.85,125,42856.25,42490238.75
09:38:18 AM,341.5,0,0.0,42490238.75
09:38:19 AM,341.5,25,8537.5,42498776.25
09:38:19 AM,339.7,0,0.0,42498776.25
09:38:20 AM,339.7,125,42462.5,42541238.75
09:38:21 AM,340.4,0,0.0,42541238.75
09:38:22 AM,340.4,75,25530.0,42566768.75
09:38:23 AM,341.85,0,0.0,42566768.75
09:38:23 AM,341.85,150,51277.5,42618046.25
09:38:24 AM,340.6,0,0.0,42618046.25
09:38:25 AM,341.45,0,0.0,42618046.25
09:38:25 AM,342.55,200,68510.0,42686556.25
09:38:27 AM,340.0,75,25500.0,42712056.25
09:38:28 AM,339.5,0,0.0,42712056.25
09:38:28 AM,339.5,250,84875.0,42796931.25
09:38:30 AM,342.35,0,0.0,42796931.25
09:38:30 AM,340.6,200,68120.0,42865051.25
09:38:32 AM,343.15,75,25736.25,42890787.5
09:38:32 AM,345.3,0,0.0,42890787.5
09:38:33 AM,346.5,0,0.0,42890787.5
09:38:33 AM,343.05,1875,643218.75,43534006.25
09:38:35 AM,340.0,0,0.0,43534006.25
09:38:36 AM,338.4,0,0.0,43534006.25
09:38:37 AM,338.4,125,42300.0,43576306.25
09:38:37 AM,339.15,0,0.0,43576306.25
09:38:38 AM,339.15,25,8478.75,43584785.0
09:38:39 AM,339.75,0,0.0,43584785.0
09:38:40 AM,339.75,25,8493.75,43593278.75
09:38:40 AM,342.7,0,0.0,43593278.75
09:38:42 AM,342.7,25,8567.5,43601846.25
09:38:42 AM,339.9,0,0.0,43601846.25
09:38:43 AM,339.9,125,42487.5,43644333.75
09:38:44 AM,340.8,0,0.0,43644333.75
09:38:45 AM,338.95,0,0.0,43644333.75
09:38:45 AM,338.95,175,59316.25,43703650.0
09:38:46 AM,339.5,0,0.0,43703650.0
09:38:47 AM,339.7,425,144372.5,43848022.5
09:38:50 AM,339.5,0,0.0,43848022.5
09:38:50 AM,339.5,275,93362.5,43941385.0
09:38:51 AM,338.8,0,0.0,43941385.0
09:38:52 AM,338.8,25,8470.0,43949855.0
09:38:54 AM,342.1,0,0.0,43949855.0
09:38:55 AM,342.1,250,85525.0,44035380.0
09:38:56 AM,342.0,0,0.0,44035380.0
09:38:57 AM,342.0,50,17100.0,44052480.0
09:38:58 AM,342.1,0,0.0,44052480.0
09:38:58 AM,342.1,50,17105.0,44069585.0
09:39:02 AM,341.15,475,162046.25,44231631.25
09:39:03 AM,341.85,0,0.0,44231631.25
09:39:03 AM,341.85,125,42731.25,44274362.5
09:39:07 AM,338.5,0,0.0,44274362.5
09:39:08 AM,338.5,275,93087.5,44367450.0
09:39:09 AM,339.05,0,0.0,44367450.0
09:39:10 AM,339.4,400,135760.0,44503210.0
09:39:11 AM,339.3,0,0.0,44503210.0
09:39:12 AM,339.3,1000,339300.0,44842510.0
09:39:12 AM,336.0,0,0.0,44842510.0
09:39:13 AM,338.1,0,0.0,44842510.0
09:39:13 AM,338.5,775,262337.5,45104847.5
09:39:14 AM,336.55,0,0.0,45104847.5
09:39:15 AM,335.7,1425,478372.5,45583220.0
09:39:16 AM,334.65,0,0.0,45583220.0
09:39:16 AM,334.65,150,50197.5,45633417.5
09:39:17 AM,336.05,0,0.0,45633417.5
09:39:18 AM,336.45,0,0.0,45633417.5
09:39:18 AM,336.45,100,33645.0,45667062.5
09:39:19 AM,336.2,0,0.0,45667062.5
09:39:20 AM,335.95,475,159576.25,45826638.75
09:39:21 AM,334.15,0,0.0,45826638.75
09:39:21 AM,334.05,275,91863.75,45918502.5
09:39:22 AM,333.4,0,0.0,45918502.5
09:39:23 AM,332.45,0,0.0,45918502.5
09:39:23 AM,333.9,900,300510.0,46219012.5
09:39:24 AM,335.95,0,0.0,46219012.5
09:39:25 AM,335.95,100,33595.0,46252607.5
09:39:27 AM,335.2,0,0.0,46252607.5
09:39:28 AM,335.2,400,134080.0,46386687.5
09:39:29 AM,333.75,0,0.0,46386687.5
09:39:29 AM,333.9,75,25042.5,46411730.0
09:39:30 AM,333.45,0,0.0,46411730.0
09:39:31 AM,330.9,0,0.0,46411730.0
09:39:31 AM,330.9,150,49635.0,46461365.0
09:39:32 AM,332.85,0,0.0,46461365.0
09:39:33 AM,332.85,50,16642.5,46478007.5
09:39:33 AM,333.9,0,0.0,46478007.5
09:39:34 AM,333.9,50,16695.0,46494702.5
09:39:35 AM,333.05,0,0.0,46494702.5
09:39:36 AM,333.05,25,8326.25,46503028.75
09:39:37 AM,332.95,0,0.0,46503028.75
09:39:38 AM,332.95,250,83237.5,46586266.25
09:39:38 AM,330.0,0,0.0,46586266.25
09:39:39 AM,331.75,0,0.0,46586266.25
09:39:39 AM,331.75,475,157581.25,46743847.5
09:39:41 AM,331.65,150,49747.5,46793595.0
09:39:42 AM,330.25,0,0.0,46793595.0
09:39:43 AM,330.25,25,8256.25,46801851.25
09:39:43 AM,330.95,0,0.0,46801851.25
09:39:44 AM,332.95,0,0.0,46801851.25
09:39:44 AM,332.95,550,183122.5,46984973.75
09:39:45 AM,331.75,0,0.0,46984973.75
09:39:46 AM,332.0,275,91300.0,47076273.75
09:39:47 AM,332.15,0,0.0,47076273.75
09:39:47 AM,332.15,25,8303.75,47084577.5
09:39:48 AM,332.3,0,0.0,47084577.5
09:39:49 AM,330.2,0,0.0,47084577.5
09:39:49 AM,330.2,2175,718185.0,47802762.5
09:39:53 AM,327.65,0,0.0,47802762.5
09:39:54 AM,327.65,900,294885.0,48097647.5
09:39:54 AM,329.55,0,0.0,48097647.5
09:39:55 AM,329.35,0,0.0,48097647.5
09:39:56 AM,328.4,0,0.0,48097647.5
09:39:56 AM,328.4,2175,714270.0,48811917.5
09:39:57 AM,329.5,0,0.0,48811917.5
09:39:57 AM,329.5,50,16475.0,48828392.5
09:39:58 AM,329.15,0,0.0,48828392.5
09:39:59 AM,329.15,100,32915.0,48861307.5
09:40:00 AM,328.5,0,0.0,48861307.5
09:40:01 AM,328.5,150,49275.0,48910582.5
09:40:01 AM,328.0,0,0.0,48910582.5
09:40:02 AM,325.1,0,0.0,48910582.5
09:40:02 AM,325.1,450,146295.0,49056877.5
09:40:03 AM,326.9,0,0.0,49056877.5
09:40:04 AM,326.9,275,89897.5,49146775.0
09:40:04 AM,325.35,0,0.0,49146775.0
09:40:05 AM,325.4,0,0.0,49146775.0
09:40:06 AM,325.4,300,97620.0,49244395.0
09:40:06 AM,325.25,0,0.0,49244395.0
09:40:07 AM,326.35,0,0.0,49244395.0
09:40:07 AM,326.35,175,57111.25000000001,49301506.25
09:40:08 AM,326.2,0,0.0,49301506.25
09:40:09 AM,324.85,0,0.0,49301506.25
09:40:09 AM,324.85,125,40606.25,49342112.5
09:40:10 AM,325.7,0,0.0,49342112.5
09:40:11 AM,325.75,650,211737.5,49553850.0
09:40:12 AM,327.4,0,0.0,49553850.0
09:40:12 AM,327.4,100,32739.999999999996,49586590.0
09:40:14 AM,327.0,0,0.0,49586590.0
09:40:15 AM,327.4,0,0.0,49586590.0
09:40:15 AM,327.4,1475,482914.99999999994,50069505.0
09:40:17 AM,325.45,0,0.0,50069505.0
09:40:17 AM,325.45,175,56953.75,50126458.75
09:40:18 AM,325.25,0,0.0,50126458.75
09:40:19 AM,324.0,400,129600.0,50256058.75
09:40:19 AM,323.9,0,0.0,50256058.75
09:40:20 AM,325.0,0,0.0,50256058.75
09:40:20 AM,326.35,600,195810.0,50451868.75
09:40:21 AM,326.65,0,0.0,50451868.75
09:40:22 AM,325.55,0,0.0,50451868.75
09:40:22 AM,325.05,500,162525.0,50614393.75
09:40:23 AM,326.15,0,0.0,50614393.75
09:40:24 AM,326.15,25,8153.749999999999,50622547.5
09:40:27 AM,326.15,25,8153.749999999999,50630701.25
09:40:27 AM,325.0,0,0.0,50630701.25
09:40:28 AM,323.0,0,0.0,50630701.25
09:40:29 AM,323.0,1400,452200.0,51082901.25
09:40:29 AM,325.7,0,0.0,51082901.25
09:40:30 AM,328.9,0,0.0,51082901.25
09:40:30 AM,328.9,450,148005.0,51230906.25
09:40:31 AM,328.85,0,0.0,51230906.25
09:40:32 AM,328.7,125,41087.5,51271993.75
09:40:33 AM,327.85,0,0.0,51271993.75
09:40:34 AM,328.65,200,65730.0,51337723.75
09:40:35 AM,325.25,0,0.0,51337723.75
09:40:35 AM,326.8,875,285950.0,51623673.75
09:40:38 AM,327.3,0,0.0,51623673.75
09:40:38 AM,327.45,0,0.0,51623673.75
09:40:39 AM,327.45,50,16372.5,51640046.25
09:40:39 AM,327.3,0,0.0,51640046.25
09:40:40 AM,328.45,0,0.0,51640046.25
09:40:40 AM,328.45,250,82112.5,51722158.75
09:40:41 AM,328.55,0,0.0,51722158.75
09:40:42 AM,328.55,175,57496.25,51779655.0
09:40:42 AM,331.6,0,0.0,51779655.0
09:40:43 AM,333.95,0,0.0,51779655.0
09:40:44 AM,332.5,275,91437.5,51871092.5
09:40:45 AM,331.55,50,16577.5,51887670.0
09:40:46 AM,331.05,0,0.0,51887670.0
09:40:47 AM,329.2,50,16460.0,51904130.0
09:40:49 AM,325.0,25,8125.0,51912255.0
09:40:49 AM,325.5,0,0.0,51912255.0
09:40:50 AM,324.0,0,0.0,51912255.0
09:40:50 AM,324.0,225,72900.0,51985155.0
09:40:51 AM,324.15,0,0.0,51985155.0
09:40:52 AM,324.15,50,16207.499999999998,52001362.5
09:40:52 AM,323.75,0,0.0,52001362.5
09:40:54 AM,323.75,200,64750.0,52066112.5
09:40:55 AM,324.4,0,0.0,52066112.5
09:40:55 AM,324.4,50,16219.999999999998,52082332.5
09:40:56 AM,325.5,0,0.0,52082332.5
09:40:57 AM,325.5,50,16275.0,52098607.5
09:40:58 AM,326.75,0,0.0,52098607.5
09:40:59 AM,326.75,200,65350.0,52163957.5
09:40:59 AM,326.3,0,0.0,52163957.5
09:41:00 AM,325.4,0,0.0,52163957.5
09:41:00 AM,323.5,325,105137.5,52269095.0
09:41:01 AM,323.55,0,0.0,52269095.0
09:41:02 AM,323.55,50,16177.5,52285272.5
09:41:03 AM,323.7,0,0.0,52285272.5
09:41:04 AM,323.7,25,8092.5,52293365.0
09:41:04 AM,325.15,0,0.0,52293365.0
09:41:05 AM,325.15,50,16257.499999999998,52309622.5
09:41:05 AM,326.2,0,0.0,52309622.5
09:41:06 AM,325.5,0,0.0,52309622.5
09:41:07 AM,324.05,400,129620.0,52439242.5
09:41:08 AM,323.1,0,0.0,52439242.5
09:41:09 AM,323.1,100,32310.000000000004,52471552.5
09:41:10 AM,323.45,0,0.0,52471552.5
09:41:10 AM,324.65,75,24348.75,52495901.25
09:41:10 AM,325.0,0,0.0,52495901.25
09:41:11 AM,325.3,0,0.0,52495901.25
09:41:12 AM,323.0,0,0.0,52495901.25
09:41:12 AM,323.0,200,64600.0,52560501.25
09:41:13 AM,324.0,0,0.0,52560501.25
09:41:14 AM,326.35,350,114222.50000000001,52674723.75
09:41:15 AM,327.6,0,0.0,52674723.75
09:41:15 AM,327.6,25,8190.000000000001,52682913.75
09:41:16 AM,328.6,0,0.0,52682913.75
09:41:17 AM,328.05,275,90213.75,52773127.5
09:41:17 AM,327.75,0,0.0,52773127.5
09:41:19 AM,327.75,25,8193.75,52781321.25
09:41:19 AM,326.85,0,0.0,52781321.25
09:41:20 AM,326.7,0,0.0,52781321.25
09:41:20 AM,326.7,100,32670.0,52813991.25
09:41:23 AM,328.6,0,0.0,52813991.25
09:41:23 AM,328.6,50,16430.0,52830421.25
09:41:24 AM,326.25,0,0.0,52830421.25
09:41:25 AM,327.4,0,0.0,52830421.25
09:41:25 AM,327.4,275,90035.0,52920456.25
09:41:26 AM,326.9,0,0.0,52920456.25
09:41:27 AM,326.9,25,8172.499999999999,52928628.75
09:41:28 AM,323.0,0,0.0,52928628.75
09:41:28 AM,323.75,0,0.0,52928628.75
09:41:28 AM,323.75,75,24281.25,52952910.0
09:41:29 AM,324.9,0,0.0,52952910.0
09:41:30 AM,324.75,0,0.0,52952910.0
09:41:30 AM,324.75,950,308512.5,53261422.5
09:41:31 AM,326.75,0,0.0,53261422.5
09:41:32 AM,327.8,350,114730.0,53376152.5
09:41:32 AM,328.3,0,0.0,53376152.5
09:41:33 AM,328.8,0,0.0,53376152.5
09:41:33 AM,328.8,175,57540.0,53433692.5
09:41:34 AM,326.45,0,0.0,53433692.5
09:41:35 AM,326.45,25,8161.25,53441853.75
09:41:36 AM,329.8,0,0.0,53441853.75
09:41:37 AM,329.8,375,123675.0,53565528.75
09:41:38 AM,326.4,0,0.0,53565528.75
09:41:38 AM,326.4,200,65279.99999999999,53630808.75
09:41:40 AM,326.25,0,0.0,53630808.75
09:41:40 AM,326.45,125,40806.25,53671615.0
09:41:42 AM,325.95,0,0.0,53671615.0
09:41:43 AM,327.45,0,0.0,53671615.0
09:41:43 AM,328.05,150,49207.5,53720822.5
09:41:44 AM,327.55,0,0.0,53720822.5
09:41:45 AM,327.75,0,0.0,53720822.5
09:41:45 AM,332.2,425,141185.0,53862007.5
09:41:46 AM,331.8,0,0.0,53862007.5
09:41:47 AM,333.15,500,166575.0,54028582.5
09:41:48 AM,332.25,0,0.0,54028582.5
09:41:48 AM,332.55,175,58196.25,54086778.75
09:41:50 AM,332.15,0,0.0,54086778.75
09:41:50 AM,332.15,25,8303.75,54095082.5
09:41:51 AM,331.55,0,0.0,54095082.5
09:41:52 AM,331.55,100,33155.0,54128237.5
09:41:52 AM,331.95,0,0.0,54128237.5
09:41:53 AM,331.95,50,16597.5,54144835.0
09:41:54 AM,330.5,0,0.0,54144835.0
09:41:55 AM,328.3,0,0.0,54144835.0
09:41:55 AM,328.3,75,24622.5,54169457.5
09:41:56 AM,329.2,0,0.0,54169457.5
09:41:57 AM,328.5,200,65700.0,54235157.5
09:41:58 AM,328.35,0,0.0,54235157.5
09:41:58 AM,328.35,25,8208.75,54243366.25
09:41:59 AM,329.5,0,0.0,54243366.25
09:42:00 AM,329.2,0,0.0,54243366.25
09:42:00 AM,329.2,75,24690.0,54268056.25
09:42:01 AM,329.05,0,0.0,54268056.25
09:42:02 AM,329.05,25,8226.25,54276282.5
09:42:02 AM,325.0,0,0.0,54276282.5
09:42:03 AM,325.85,0,0.0,54276282.5
09:42:04 AM,326.55,1225,400023.75,54676306.25
09:42:06 AM,326.75,0,0.0,54676306.25
09:42:07 AM,327.55,75,24566.25,54700872.5
09:42:08 AM,327.45,0,0.0,54700872.5
09:42:09 AM,327.45,100,32745.0,54733617.5
09:42:10 AM,328.8,0,0.0,54733617.5
09:42:10 AM,328.8,25,8220.0,54741837.5
09:42:11 AM,330.15,0,0.0,54741837.5
09:42:12 AM,330.3,300,99090.0,54840927.5
09:42:14 AM,327.35,0,0.0,54840927.5
09:42:15 AM,326.55,0,0.0,54840927.5
09:42:15 AM,326.55,75,24491.25,54865418.75
09:42:16 AM,323.5,0,0.0,54865418.75
09:42:17 AM,324.35,500,162175.0,55027593.75
09:42:18 AM,323.6,0,0.0,55027593.75
09:42:19 AM,324.75,500,162375.0,55189968.75
09:42:20 AM,326.4,0,0.0,55189968.75
09:42:20 AM,326.85,150,49027.5,55238996.25
09:42:22 AM,326.7,25,8167.5,55247163.75
09:42:23 AM,327.3,0,0.0,55247163.75
09:42:24 AM,327.3,75,24547.5,55271711.25
09:42:25 AM,325.8,200,65160.0,55336871.25
09:42:26 AM,326.2,0,0.0,55336871.25
09:42:27 AM,326.2,75,24465.0,55361336.25
09:42:28 AM,327.15,0,0.0,55361336.25
09:42:29 AM,327.15,25,8178.749999999999,55369515.0
09:42:32 AM,325.3,0,0.0,55369515.0
09:42:32 AM,325.3,125,40662.5,55410177.5
09:42:33 AM,327.15,0,0.0,55410177.5
09:42:34 AM,327.15,150,49072.5,55459250.0
09:42:34 AM,327.5,0,0.0,55459250.0
09:42:35 AM,327.4,50,16369.999999999998,55475620.0
09:42:37 AM,325.25,0,0.0,55475620.0
09:42:37 AM,325.25,125,40656.25,55516276.25
09:42:38 AM,326.15,0,0.0,55516276.25
09:42:39 AM,326.15,75,24461.25,55540737.5
09:42:39 AM,327.6,0,0.0,55540737.5
09:42:40 AM,327.6,200,65520.00000000001,55606257.5
09:42:41 AM,328.85,0,0.0,55606257.5
09:42:42 AM,328.85,50,16442.5,55622700.0
09:42:42 AM,328.5,0,0.0,55622700.0
09:42:44 AM,328.5,25,8212.5,55630912.5
09:42:44 AM,327.65,0,0.0,55630912.5
09:42:45 AM,327.65,25,8191.249999999999,55639103.75
09:42:45 AM,328.8,0,0.0,55639103.75
09:42:46 AM,329.1,0,0.0,55639103.75
09:42:47 AM,329.1,100,32910.0,55672013.75
09:42:49 AM,328.05,100,32805.0,55704818.75
09:42:49 AM,326.85,0,0.0,55704818.75
09:42:50 AM,327.15,0,0.0,55704818.75
09:42:50 AM,327.15,125,40893.75,55745712.5
09:42:52 AM,328.2,0,0.0,55745712.5
09:42:52 AM,328.2,300,98460.0,55844172.5
09:42:53 AM,327.85,0,0.0,55844172.5
09:42:53 AM,326.6,0,0.0,55844172.5
09:42:54 AM,328.2,325,106665.0,55950837.5
09:42:55 AM,328.35,0,0.0,55950837.5
09:42:56 AM,328.25,0,0.0,55950837.5
09:42:57 AM,328.25,100,32825.0,55983662.5
09:42:58 AM,328.65,0,0.0,55983662.5
09:42:59 AM,328.65,25,8216.25,55991878.75
09:42:59 AM,327.2,0,0.0,55991878.75
09:43:00 AM,326.95,0,0.0,55991878.75
09:43:00 AM,326.95,350,114432.5,56106311.25
09:43:01 AM,326.7,0,0.0,56106311.25
09:43:02 AM,325.0,75,24375.0,56130686.25
09:43:03 AM,323.75,0,0.0,56130686.25
09:43:04 AM,324.25,675,218868.75,56349555.0
09:43:08 AM,325.6,0,0.0,56349555.0
09:43:09 AM,325.6,150,48840.0,56398395.0
09:43:12 AM,327.25,0,0.0,56398395.0
09:43:12 AM,327.25,25,8181.25,56406576.25
09:43:14 AM,329.0,0,0.0,56406576.25
09:43:15 AM,329.0,50,16450.0,56423026.25
09:43:16 AM,328.05,0,0.0,56423026.25
09:43:17 AM,328.05,100,32805.0,56455831.25
09:43:18 AM,328.65,0,0.0,56455831.25
09:43:19 AM,328.95,200,65790.0,56521621.25
09:43:19 AM,329.45,0,0.0,56521621.25
09:43:20 AM,329.45,25,8236.25,56529857.5
09:43:21 AM,327.85,0,0.0,56529857.5
09:43:21 AM,325.7,0,0.0,56529857.5
09:43:22 AM,325.95,200,65190.0,56595047.5
09:43:24 AM,325.6,0,0.0,56595047.5
09:43:25 AM,324.0,0,0.0,56595047.5
09:43:25 AM,324.0,250,81000.0,56676047.5
09:43:26 AM,321.85,0,0.0,56676047.5
09:43:27 AM,319.5,875,279562.5,56955610.0
09:43:30 AM,320.65,0,0.0,56955610.0
09:43:30 AM,320.65,25,8016.249999999999,56963626.25
09:43:31 AM,319.9,0,0.0,56963626.25
09:43:32 AM,319.9,25,7997.499999999999,56971623.75
09:43:33 AM,319.95,0,0.0,56971623.75
09:43:33 AM,319.55,0,0.0,56971623.75
09:43:34 AM,318.5,1125,358312.5,57329936.25
09:43:34 AM,319.15,0,0.0,57329936.25
09:43:35 AM,319.45,0,0.0,57329936.25
09:43:35 AM,319.45,150,47917.5,57377853.75
09:43:36 AM,316.9,0,0.0,57377853.75
09:43:37 AM,316.9,50,15844.999999999998,57393698.75
09:43:38 AM,319.25,0,0.0,57393698.75
09:43:38 AM,319.0,0,0.0,57393698.75
09:43:39 AM,318.95,125,39868.75,57433567.5
09:43:39 AM,319.15,0,0.0,57433567.5
09:43:40 AM,319.15,25,7978.749999999999,57441546.25
09:43:41 AM,318.15,0,0.0,57441546.25
09:43:42 AM,318.15,50,15907.499999999998,57457453.75
09:43:43 AM,315.25,0,0.0,57457453.75
09:43:44 AM,315.4,1300,410019.99999999994,57867473.75
09:43:45 AM,316.2,0,0.0,57867473.75
09:43:45 AM,316.05,750,237037.5,58104511.25
09:43:46 AM,315.35,0,0.0,58104511.25
09:43:47 AM,316.7,0,0.0,58104511.25
09:43:47 AM,316.7,575,182102.5,58286613.75
09:43:48 AM,315.4,0,0.0,58286613.75
09:43:49 AM,315.3,275,86707.5,58373321.25
09:43:51 AM,315.0,0,0.0,58373321.25
09:43:52 AM,312.8,100,31280.0,58404601.25
09:43:52 AM,313.2,0,0.0,58404601.25
09:43:53 AM,312.85,0,0.0,58404601.25
09:43:54 AM,313.65,1275,399903.75,58804505.0
09:43:54 AM,313.55,0,0.0,58804505.0
09:43:55 AM,313.0,0,0.0,58804505.0
09:43:55 AM,313.0,225,70425.0,58874930.0
09:43:56 AM,314.35,0,0.0,58874930.0
09:43:57 AM,313.8,0,0.0,58874930.0
09:43:57 AM,313.8,625,196125.0,59071055.0
09:43:58 AM,312.8,0,0.0,59071055.0
09:43:59 AM,311.0,350,108850.0,59179905.0
09:44:00 AM,311.1,0,0.0,59179905.0
09:44:00 AM,311.1,150,46665.0,59226570.0
09:44:01 AM,312.15,0,0.0,59226570.0
09:44:02 AM,312.45,0,0.0,59226570.0
09:44:02 AM,312.65,425,132876.25,59359446.25
09:44:03 AM,316.25,0,0.0,59359446.25
09:44:04 AM,312.15,1125,351168.75,59710615.0
09:44:04 AM,312.1,0,0.0,59710615.0
09:44:05 AM,313.15,0,0.0,59710615.0
09:44:05 AM,313.15,75,23486.25,59734101.25
09:44:06 AM,313.05,0,0.0,59734101.25
09:44:07 AM,313.4,0,0.0,59734101.25
09:44:07 AM,313.4,200,62679.99999999999,59796781.25
09:44:08 AM,313.05,0,0.0,59796781.25
09:44:09 AM,313.05,375,117393.75,59914175.0
09:44:09 AM,313.8,0,0.0,59914175.0
09:44:10 AM,315.9,0,0.0,59914175.0
09:44:10 AM,315.9,800,252719.99999999997,60166895.0
09:44:11 AM,317.7,0,0.0,60166895.0
09:44:12 AM,319.15,0,0.0,60166895.0
09:44:12 AM,319.15,225,71808.75,60238703.75
09:44:13 AM,317.05,0,0.0,60238703.75
09:44:14 AM,316.5,400,126600.0,60365303.75
09:44:15 AM,314.05,0,0.0,60365303.75
09:44:15 AM,314.0,150,47100.0,60412403.75
09:44:16 AM,314.1,0,0.0,60412403.75
09:44:17 AM,315.3,0,0.0,60412403.75
09:44:17 AM,315.3,300,94590.0,60506993.75
09:44:18 AM,318.1,0,0.0,60506993.75
09:44:19 AM,318.8,250,79700.0,60586693.75
09:44:20 AM,316.4,0,0.0,60586693.75
09:44:20 AM,315.0,375,118125.0,60704818.75
09:44:21 AM,314.25,0,0.0,60704818.75
09:44:22 AM,314.25,75,23568.75,60728387.5
09:44:23 AM,317.1,0,0.0,60728387.5
09:44:24 AM,317.0,200,63400.0,60791787.5
09:44:25 AM,318.7,0,0.0,60791787.5
09:44:25 AM,318.7,25,7967.5,60799755.0
09:44:26 AM,319.3,0,0.0,60799755.0
09:44:27 AM,319.45,0,0.0,60799755.0
09:44:27 AM,319.45,175,55903.75,60855658.75
09:44:28 AM,319.75,0,0.0,60855658.75
09:44:29 AM,320.15,525,168078.75,61023737.5
09:44:30 AM,321.25,0,0.0,61023737.5
09:44:30 AM,321.25,125,40156.25,61063893.75
09:44:31 AM,320.25,0,0.0,61063893.75
09:44:32 AM,320.25,175,56043.75,61119937.5
09:44:32 AM,321.65,0,0.0,61119937.5
09:44:34 AM,321.65,25,8041.249999999999,61127978.75
09:44:34 AM,320.25,0,0.0,61127978.75
09:44:35 AM,318.7,0,0.0,61127978.75
09:44:35 AM,319.4,525,167685.0,61295663.75
09:44:36 AM,318.75,0,0.0,61295663.75
09:44:37 AM,318.75,25,7968.75,61303632.5
09:44:37 AM,319.8,0,0.0,61303632.5
09:44:38 AM,320.0,0,0.0,61303632.5
09:44:39 AM,320.55,1250,400687.5,61704320.0
09:44:40 AM,320.65,0,0.0,61704320.0
09:44:40 AM,320.6,175,56105.00000000001,61760425.0
09:44:41 AM,321.05,0,0.0,61760425.0
09:44:42 AM,319.1,0,0.0,61760425.0
09:44:42 AM,319.1,75,23932.5,61784357.5
09:44:43 AM,319.2,0,0.0,61784357.5
09:44:44 AM,318.45,775,246798.75,62031156.25
09:44:45 AM,319.1,0,0.0,62031156.25
09:44:45 AM,319.1,75,23932.5,62055088.75
09:44:46 AM,319.65,0,0.0,62055088.75
09:44:47 AM,319.25,0,0.0,62055088.75
09:44:47 AM,319.25,200,63850.0,62118938.75
09:44:48 AM,321.9,0,0.0,62118938.75
09:44:49 AM,321.9,425,136807.5,62255746.25
09:44:49 AM,322.15,0,0.0,62255746.25
09:44:50 AM,322.8,0,0.0,62255746.25
09:44:50 AM,322.8,475,153330.0,62409076.25
09:44:51 AM,323.85,0,0.0,62409076.25
09:44:52 AM,323.05,325,104991.25,62514067.5
09:44:53 AM,321.05,0,0.0,62514067.5
09:44:54 AM,319.85,525,167921.25,62681988.75
09:44:54 AM,320.45,0,0.0,62681988.75
09:44:55 AM,321.05,50,16052.5,62698041.25
09:44:56 AM,322.05,0,0.0,62698041.25
09:44:57 AM,322.05,50,16102.5,62714143.75
09:45:00 AM,322.3,0,0.0,62714143.75
09:45:00 AM,322.3,25,8057.5,62722201.25
09:45:01 AM,322.05,0,0.0,62722201.25
09:45:02 AM,320.7,425,136297.5,62858498.75
09:45:03 AM,319.2,0,0.0,62858498.75
09:45:04 AM,319.2,75,23940.0,62882438.75
09:45:04 AM,318.25,0,0.0,62882438.75
09:45:05 AM,315.8,0,0.0,62882438.75
09:45:05 AM,315.8,400,126320.0,63008758.75
09:45:07 AM,315.25,0,0.0,63008758.75
09:45:07 AM,315.25,75,23643.75,63032402.5
09:45:09 AM,315.4,0,0.0,63032402.5
09:45:10 AM,315.7,0,0.0,63032402.5
09:45:10 AM,315.7,325,102602.5,63135005.0
09:45:11 AM,318.25,0,0.0,63135005.0
09:45:12 AM,318.55,700,222985.0,63357990.0
09:45:13 AM,319.25,0,0.0,63357990.0
09:45:14 AM,319.25,25,7981.25,63365971.25
09:45:15 AM,319.25,100,31925.0,63397896.25
09:45:16 AM,319.75,0,0.0,63397896.25
09:45:17 AM,319.65,550,175807.5,63573703.75
09:45:18 AM,320.45,0,0.0,63573703.75
09:45:19 AM,320.45,275,88123.75,63661827.5
09:45:19 AM,321.6,0,0.0,63661827.5
09:45:20 AM,322.0,0,0.0,63661827.5
09:45:20 AM,322.0,650,209300.0,63871127.5
09:45:22 AM,320.65,150,48097.5,63919225.0
09:45:23 AM,318.6,0,0.0,63919225.0
09:45:24 AM,318.6,375,119475.00000000001,64038700.0
09:45:24 AM,317.8,0,0.0,64038700.0
09:45:25 AM,318.35,0,0.0,64038700.0
09:45:25 AM,318.55,200,63710.0,64102410.0
09:45:27 AM,319.0,0,0.0,64102410.0
09:45:27 AM,319.0,200,63800.0,64166210.0
09:45:28 AM,319.4,0,0.0,64166210.0
09:45:29 AM,320.2,275,88055.0,64254265.0
09:45:30 AM,320.75,0,0.0,64254265.0
09:45:30 AM,320.95,175,56166.25,64310431.25
09:45:31 AM,321.0,0,0.0,64310431.25
09:45:32 AM,320.5,0,0.0,64310431.25
09:45:32 AM,320.5,550,176275.0,64486706.25
09:45:33 AM,322.4,0,0.0,64486706.25
09:45:34 AM,323.0,200,64600.0,64551306.25
09:45:35 AM,324.25,0,0.0,64551306.25
09:45:35 AM,325.55,750,244162.5,64795468.75
09:45:37 AM,330.0,1300,429000.0,65224468.75
09:45:37 AM,331.55,0,0.0,65224468.75
09:45:38 AM,340.85,0,0.0,65224468.75
09:45:39 AM,338.75,2650,897687.5,66122156.25
09:45:40 AM,339.55,0,0.0,66122156.25
09:45:40 AM,339.45,2250,763762.5,66885918.75
09:45:41 AM,337.3,0,0.0,66885918.75
09:45:42 AM,335.6,0,0.0,66885918.75
09:45:42 AM,335.6,700,234920.00000000003,67120838.75
09:45:43 AM,333.75,0,0.0,67120838.75
09:45:44 AM,333.75,400,133500.0,67254338.75
09:45:44 AM,332.3,0,0.0,67254338.75
09:45:45 AM,332.95,0,0.0,67254338.75
09:45:45 AM,332.95,50,16647.5,67270986.25
09:45:46 AM,332.5,0,0.0,67270986.25
09:45:47 AM,333.45,0,0.0,67270986.25
09:45:47 AM,333.0,700,233100.0,67504086.25
09:45:48 AM,337.0,0,0.0,67504086.25
09:45:49 AM,336.85,350,117897.50000000001,67621983.75
09:45:50 AM,334.95,0,0.0,67621983.75
09:45:50 AM,337.4,1650,556710.0,68178693.75
09:45:51 AM,337.1,0,0.0,68178693.75
09:45:52 AM,332.9,175,58257.49999999999,68236951.25
09:45:53 AM,333.4,0,0.0,68236951.25
09:45:54 AM,333.55,575,191791.25,68428742.5
09:45:55 AM,334.95,0,0.0,68428742.5
09:45:55 AM,334.85,250,83712.5,68512455.0
09:45:56 AM,335.05,0,0.0,68512455.0
09:45:57 AM,334.8,575,192510.0,68704965.0
09:45:58 AM,338.05,0,0.0,68704965.0
09:45:59 AM,338.4,975,329940.0,69034905.0
09:46:00 AM,335.65,0,0.0,69034905.0
09:46:00 AM,335.65,125,41956.25,69076861.25
09:46:01 AM,333.85,0,0.0,69076861.25
09:46:02 AM,334.45,175,58528.75,69135390.0
09:46:03 AM,335.6,0,0.0,69135390.0
09:46:04 AM,333.85,275,91808.75,69227198.75
09:46:05 AM,334.6,0,0.0,69227198.75
09:46:05 AM,333.0,225,74925.0,69302123.75
09:46:07 AM,332.9,0,0.0,69302123.75
09:46:08 AM,334.4,0,0.0,69302123.75
09:46:09 AM,334.4,375,125399.99999999999,69427523.75
09:46:10 AM,334.3,0,0.0,69427523.75
09:46:10 AM,335.05,0,0.0,69427523.75
09:46:10 AM,334.45,150,50167.5,69477691.25
09:46:12 AM,336.55,0,0.0,69477691.25
09:46:12 AM,336.55,25,8413.75,69486105.0
09:46:13 AM,335.8,0,0.0,69486105.0
09:46:14 AM,337.2,475,160170.0,69646275.0
09:46:15 AM,333.0,0,0.0,69646275.0
09:46:15 AM,334.75,325,108793.75,69755068.75
09:46:16 AM,333.55,0,0.0,69755068.75
09:46:17 AM,333.8,275,91795.0,69846863.75
09:46:20 AM,330.35,0,0.0,69846863.75
09:46:20 AM,330.35,100,33035.0,69879898.75
09:46:23 AM,330.1,0,0.0,69879898.75
09:46:24 AM,330.1,25,8252.5,69888151.25
09:46:24 AM,330.4,0,0.0,69888151.25
09:46:25 AM,329.25,0,0.0,69888151.25
09:46:25 AM,329.25,850,279862.5,70168013.75
09:46:26 AM,329.0,0,0.0,70168013.75
09:46:27 AM,329.3,0,0.0,70168013.75
09:46:27 AM,329.3,275,90557.5,70258571.25
09:46:28 AM,330.25,0,0.0,70258571.25
09:46:29 AM,328.4,425,139570.0,70398141.25
09:46:31 AM,328.75,0,0.0,70398141.25
09:46:32 AM,328.45,0,0.0,70398141.25
09:46:32 AM,328.45,375,123168.75,70521310.0
09:46:33 AM,328.1,0,0.0,70521310.0
09:46:34 AM,327.75,125,40968.75,70562278.75
09:46:38 AM,327.5,0,0.0,70562278.75
09:46:39 AM,327.5,25,8187.5,70570466.25
09:46:41 AM,327.5,50,16375.0,70586841.25
09:46:43 AM,326.5,0,0.0,70586841.25
09:46:44 AM,327.75,275,90131.25,70676972.5
09:46:45 AM,323.9,0,0.0,70676972.5
09:46:46 AM,323.9,50,16194.999999999998,70693167.5
09:46:46 AM,322.95,0,0.0,70693167.5
09:46:47 AM,321.0,675,216675.0,70909842.5
09:46:48 AM,321.7,0,0.0,70909842.5
09:46:49 AM,321.2,100,32120.0,70941962.5
09:46:50 AM,321.85,0,0.0,70941962.5
09:46:51 AM,321.15,175,56201.24999999999,70998163.75
09:46:52 AM,321.95,0,0.0,70998163.75
09:46:52 AM,321.1,325,104357.50000000001,71102521.25
09:46:55 AM,320.0,0,0.0,71102521.25
09:46:56 AM,320.0,350,112000.0,71214521.25
09:46:56 AM,321.1,0,0.0,71214521.25
09:46:57 AM,320.85,0,0.0,71214521.25
09:46:57 AM,321.05,925,296971.25,71511492.5
09:46:58 AM,320.25,0,0.0,71511492.5
09:46:59 AM,320.25,25,8006.25,71519498.75
09:46:59 AM,320.5,0,0.0,71519498.75
09:47:00 AM,320.65,0,0.0,71519498.75
09:47:01 AM,320.65,500,160325.0,71679823.75
09:47:01 AM,319.35,0,0.0,71679823.75
09:47:02 AM,320.5,350,112175.0,71791998.75
09:47:05 AM,317.05,0,0.0,71791998.75
09:47:06 AM,317.05,325,103041.25,71895040.0
09:47:08 AM,318.4,0,0.0,71895040.0
09:47:09 AM,319.6,0,0.0,71895040.0
09:47:09 AM,319.6,100,31960.000000000004,71927000.0
09:47:09 AM,318.95,0,0.0,71927000.0
09:47:10 AM,317.55,0,0.0,71927000.0
09:47:11 AM,317.8,1575,500535.0,72427535.0
09:47:13 AM,317.0,0,0.0,72427535.0
09:47:14 AM,317.0,800,253600.0,72681135.0
09:47:15 AM,316.0,0,0.0,72681135.0
09:47:16 AM,314.0,625,196250.0,72877385.0
09:47:16 AM,314.05,0,0.0,72877385.0
09:47:17 AM,317.55,0,0.0,72877385.0
09:47:17 AM,317.55,1900,603345.0,73480730.0
09:47:19 AM,319.05,0,0.0,73480730.0
09:47:21 AM,318.95,0,0.0,73480730.0
09:47:21 AM,318.95,50,15947.5,73496677.5
09:47:21 AM,321.1,0,0.0,73496677.5
09:47:22 AM,320.85,0,0.0,73496677.5
09:47:22 AM,320.85,75,24063.75,73520741.25
09:47:23 AM,323.9,0,0.0,73520741.25
09:47:24 AM,323.9,1400,453459.99999999994,73974201.25
09:47:25 AM,323.15,0,0.0,73974201.25
09:47:25 AM,323.45,0,0.0,73974201.25
09:47:26 AM,321.1,1475,473622.50000000006,74447823.75
09:47:27 AM,319.2,0,0.0,74447823.75
09:47:27 AM,319.2,650,207480.0,74655303.75
09:47:28 AM,321.0,0,0.0,74655303.75
09:47:29 AM,321.0,775,248775.0,74904078.75
09:47:29 AM,323.65,0,0.0,74904078.75
09:47:31 AM,323.65,625,202281.25,75106360.0
09:47:33 AM,320.3,0,0.0,75106360.0
09:47:34 AM,319.05,0,0.0,75106360.0
09:47:34 AM,319.05,50,15952.5,75122312.5
09:47:35 AM,318.5,0,0.0,75122312.5
09:47:36 AM,317.1,350,110985.00000000001,75233297.5
09:47:37 AM,316.05,0,0.0,75233297.5
09:47:37 AM,316.05,900,284445.0,75517742.5
09:47:38 AM,314.0,0,0.0,75517742.5
09:47:39 AM,314.0,25,7850.0,75525592.5
09:47:41 AM,314.4,125,39300.0,75564892.5
09:47:46 AM,314.25,0,0.0,75564892.5
09:47:46 AM,314.25,50,15712.5,75580605.0
09:47:46 AM,313.0,0,0.0,75580605.0
09:47:47 AM,313.0,50,15650.0,75596255.0
09:47:50 AM,314.35,0,0.0,75596255.0
09:47:51 AM,314.35,25,7858.750000000001,75604113.75
09:47:52 AM,315.3,0,0.0,75604113.75
09:47:53 AM,314.95,0,0.0,75604113.75
09:47:54 AM,314.95,50,15747.5,75619861.25
09:47:55 AM,313.0,0,0.0,75619861.25
09:47:55 AM,313.25,0,0.0,75619861.25
09:47:56 AM,313.25,1050,328912.5,75948773.75
09:47:56 AM,313.95,0,0.0,75948773.75
09:47:57 AM,314.35,0,0.0,75948773.75
09:47:57 AM,314.35,175,55011.25000000001,76003785.0
09:47:58 AM,313.3,0,0.0,76003785.0
09:47:59 AM,315.15,75,23636.25,76027421.25
09:48:01 AM,315.7,0,0.0,76027421.25
09:48:01 AM,315.7,50,15785.0,76043206.25
09:48:01 AM,315.35,0,0.0,76043206.25
09:48:02 AM,315.7,0,0.0,76043206.25
09:48:02 AM,315.7,175,55247.5,76098453.75
09:48:03 AM,315.8,0,0.0,76098453.75
09:48:04 AM,314.9,0,0.0,76098453.75
09:48:04 AM,314.9,875,275537.5,76373991.25
09:48:05 AM,313.6,0,0.0,76373991.25
09:48:06 AM,315.5,50,15775.0,76389766.25
09:48:07 AM,316.25,0,0.0,76389766.25
09:48:07 AM,316.25,50,15812.5,76405578.75
09:48:08 AM,315.0,0,0.0,76405578.75
09:48:09 AM,315.0,400,126000.0,76531578.75
09:48:11 AM,314.5,500,157250.0,76688828.75
09:48:11 AM,313.5,0,0.0,76688828.75
09:48:12 AM,314.2,0,0.0,76688828.75
09:48:12 AM,314.2,75,23565.0,76712393.75
09:48:15 AM,315.5,0,0.0,76712393.75
09:48:16 AM,315.5,25,7887.5,76720281.25
09:48:18 AM,316.15,0,0.0,76720281.25
09:48:18 AM,316.75,0,0.0,76720281.25
09:48:19 AM,317.55,575,182591.25,76902872.5
09:48:20 AM,318.65,0,0.0,76902872.5
09:48:21 AM,318.65,175,55763.74999999999,76958636.25
09:48:21 AM,318.1,0,0.0,76958636.25
09:48:22 AM,316.8,0,0.0,76958636.25
09:48:22 AM,316.8,75,23760.0,76982396.25
09:48:23 AM,315.6,0,0.0,76982396.25
09:48:24 AM,315.6,50,15780.000000000002,76998176.25
09:48:25 AM,313.9,0,0.0,76998176.25
09:48:25 AM,314.15,0,0.0,76998176.25
09:48:26 AM,314.15,250,78537.5,77076713.75
09:48:27 AM,315.55,0,0.0,77076713.75
09:48:27 AM,315.55,25,7888.75,77084602.5
09:48:28 AM,315.85,0,0.0,77084602.5
09:48:29 AM,315.85,100,31585.000000000004,77116187.5
09:48:30 AM,314.7,0,0.0,77116187.5
09:48:31 AM,315.3,100,31530.0,77147717.5
09:48:31 AM,311.0,0,0.0,77147717.5
09:48:32 AM,306.35,0,0.0,77147717.5
09:48:32 AM,306.35,2800,857780.0000000001,78005497.5
09:48:33 AM,308.6,0,0.0,78005497.5
09:48:34 AM,308.25,4875,1502718.75,79508216.25
09:48:35 AM,310.2,0,0.0,79508216.25
09:48:36 AM,312.3,3550,1108665.0,80616881.25
09:48:36 AM,310.75,0,0.0,80616881.25
09:48:37 AM,306.6,3075,942795.0000000001,81559676.25
09:48:37 AM,309.6,0,0.0,81559676.25
09:48:38 AM,309.8,0,0.0,81559676.25
09:48:39 AM,308.65,3250,1003112.4999999999,82562788.75
09:48:40 AM,309.95,0,0.0,82562788.75
09:48:41 AM,309.2,3150,973980.0,83536768.75
09:48:41 AM,310.5,0,0.0,83536768.75
09:48:42 AM,312.05,0,0.0,83536768.75
09:48:42 AM,312.05,2175,678708.75,84215477.5
09:48:43 AM,311.1,0,0.0,84215477.5
09:48:44 AM,311.6,3150,981540.0000000001,85197017.5
09:48:45 AM,313.15,0,0.0,85197017.5
09:48:46 AM,313.6,3200,1003520.0000000001,86200537.5
09:48:47 AM,311.85,0,0.0,86200537.5
09:48:47 AM,311.6,2350,732260.0,86932797.5
09:48:48 AM,311.85,0,0.0,86932797.5
09:48:49 AM,310.7,3125,970937.5,87903735.0
09:48:49 AM,310.5,0,0.0,87903735.0
09:48:50 AM,312.15,0,0.0,87903735.0
09:48:51 AM,310.8,3750,1165500.0,89069235.0
09:48:51 AM,310.45,0,0.0,89069235.0
09:48:52 AM,310.65,0,0.0,89069235.0
09:48:52 AM,310.6,1575,489195.00000000006,89558430.0
09:48:53 AM,311.9,0,0.0,89558430.0
09:48:54 AM,313.95,2950,926152.5,90484582.5
09:48:54 AM,313.2,0,0.0,90484582.5
09:48:55 AM,314.1,0,0.0,90484582.5
09:48:56 AM,314.4,2950,927479.9999999999,91412062.5
09:48:57 AM,314.7,0,0.0,91412062.5
09:48:57 AM,314.7,1675,527122.5,91939185.0
09:48:58 AM,312.85,0,0.0,91939185.0
09:48:59 AM,313.25,3325,1041556.25,92980741.25
09:48:59 AM,313.8,0,0.0,92980741.25
09:49:00 AM,314.95,0,0.0,92980741.25
09:49:01 AM,315.6,2175,686430.0,93667171.25
09:49:02 AM,313.05,0,0.0,93667171.25
09:49:02 AM,313.05,625,195656.25,93862827.5
09:49:04 AM,305.05,0,0.0,93862827.5
09:49:04 AM,305.15,4050,1235857.5,95098685.0
09:49:04 AM,306.2,0,0.0,95098685.0
09:49:06 AM,306.2,150,45930.0,95144615.0
09:49:06 AM,308.05,0,0.0,95144615.0
09:49:07 AM,309.45,0,0.0,95144615.0
09:49:07 AM,309.45,100,30945.0,95175560.0
09:49:08 AM,310.2,0,0.0,95175560.0
09:49:09 AM,310.2,25,7755.0,95183315.0
09:49:09 AM,314.8,0,0.0,95183315.0
09:49:10 AM,312.7,0,0.0,95183315.0
09:49:11 AM,312.7,425,132897.5,95316212.5
09:49:11 AM,313.95,0,0.0,95316212.5
09:49:12 AM,313.15,100,31314.999999999996,95347527.5
09:49:13 AM,312.05,0,0.0,95347527.5
09:49:14 AM,310.3,2500,775750.0,96123277.5
09:49:15 AM,310.95,0,0.0,96123277.5
09:49:16 AM,310.95,75,23321.25,96146598.75
09:49:16 AM,311.3,0,0.0,96146598.75
09:49:17 AM,311.1,0,0.0,96146598.75
09:49:17 AM,311.1,750,233325.00000000003,96379923.75
09:49:18 AM,312.8,0,0.0,96379923.75
09:49:19 AM,312.9,50,15644.999999999998,96395568.75
09:49:20 AM,315.75,0,0.0,96395568.75
09:49:21 AM,315.6,725,228810.00000000003,96624378.75
09:49:22 AM,311.9,25,7797.499999999999,96632176.25
09:49:23 AM,312.0,0,0.0,96632176.25
09:49:24 AM,310.45,350,108657.5,96740833.75
09:49:25 AM,311.85,0,0.0,96740833.75
09:49:26 AM,312.35,450,140557.5,96881391.25
09:49:27 AM,313.35,0,0.0,96881391.25
09:49:27 AM,314.2,50,15710.0,96897101.25
09:49:28 AM,314.4,0,0.0,96897101.25
09:49:29 AM,314.4,50,15719.999999999998,96912821.25
09:49:32 AM,312.35,0,0.0,96912821.25
09:49:32 AM,312.35,25,7808.750000000001,96920630.0
09:49:33 AM,311.55,0,0.0,96920630.0
09:49:34 AM,314.0,0,0.0,96920630.0
09:49:34 AM,314.0,625,196250.0,97116880.0
09:49:36 AM,311.85,25,7796.250000000001,97124676.25
09:49:36 AM,313.1,0,0.0,97124676.25
09:49:37 AM,313.15,0,0.0,97124676.25
09:49:37 AM,313.15,125,39143.75,97163820.0
09:49:38 AM,310.3,0,0.0,97163820.0
09:49:39 AM,310.3,3925,1217927.5,98381747.5
09:49:39 AM,311.45,0,0.0,98381747.5
09:49:40 AM,308.7,0,0.0,98381747.5
09:49:41 AM,308.7,475,146632.5,98528380.0
09:49:41 AM,308.95,0,0.0,98528380.0
09:49:42 AM,310.35,50,15517.500000000002,98543897.5
09:49:43 AM,309.75,0,0.0,98543897.5
09:49:44 AM,307.65,200,61529.99999999999,98605427.5
09:49:45 AM,307.25,0,0.0,98605427.5
09:49:46 AM,307.25,200,61450.0,98666877.5
09:49:46 AM,307.4,0,0.0,98666877.5
09:49:47 AM,307.4,100,30739.999999999996,98697617.5
09:49:49 AM,307.4,50,15369.999999999998,98712987.5
09:49:51 AM,307.1,0,0.0,98712987.5
09:49:52 AM,307.1,25,7677.500000000001,98720665.0
09:49:54 AM,307.0,125,38375.0,98759040.0
09:49:55 AM,306.25,0,0.0,98759040.0
09:49:56 AM,306.25,50,15312.5,98774352.5
09:49:56 AM,306.2,0,0.0,98774352.5
09:49:57 AM,305.0,0,0.0,98774352.5
09:49:57 AM,305.05,325,99141.25,98873493.75
09:49:59 AM,305.15,325,99173.74999999999,98972667.5
09:50:00 AM,303.2,0,0.0,98972667.5
09:50:01 AM,304.5,1725,525262.5,99497930.0
09:50:01 AM,304.8,0,0.0,99497930.0
09:50:02 AM,306.2,0,0.0,99497930.0
09:50:02 AM,306.2,225,68895.0,99566825.0
09:50:03 AM,305.7,0,0.0,99566825.0
09:50:04 AM,305.9,300,91770.0,99658595.0
09:50:05 AM,307.45,0,0.0,99658595.0
09:50:06 AM,307.4,125,38425.0,99697020.0
09:50:07 AM,306.9,0,0.0,99697020.0
09:50:07 AM,306.9,75,23017.5,99720037.5
09:50:08 AM,304.5,0,0.0,99720037.5
09:50:09 AM,302.5,925,279812.5,99999850.0
09:50:10 AM,302.15,0,0.0,99999850.0
09:50:11 AM,302.7,225,68107.5,100067957.5
09:50:12 AM,304.25,0,0.0,100067957.5
09:50:12 AM,303.4,125,37925.0,100105882.5
09:50:13 AM,304.25,0,0.0,100105882.5
09:50:14 AM,304.25,950,289037.5,100394920.0
09:50:14 AM,306.2,0,0.0,100394920.0
09:50:15 AM,306.15,0,0.0,100394920.0
09:50:16 AM,304.6,250,76150.0,100471070.0
09:50:16 AM,303.45,0,0.0,100471070.0
09:50:17 AM,304.0,0,0.0,100471070.0
09:50:17 AM,303.0,475,143925.0,100614995.0
09:50:18 AM,301.75,0,0.0,100614995.0
09:50:19 AM,300.75,975,293231.25,100908226.25
09:50:20 AM,299.8,0,0.0,100908226.25
09:50:21 AM,299.05,600,179430.0,101087656.25
09:50:21 AM,298.6,0,0.0,101087656.25
09:50:22 AM,298.35,0,0.0,101087656.25
09:50:22 AM,298.35,475,141716.25,101229372.5
09:50:23 AM,298.85,0,0.0,101229372.5
09:50:24 AM,298.8,325,97110.0,101326482.5
09:50:24 AM,299.4,0,0.0,101326482.5
09:50:25 AM,299.05,0,0.0,101326482.5
09:50:26 AM,300.6,925,278055.0,101604537.5
09:50:26 AM,299.8,0,0.0,101604537.5
09:50:27 AM,300.45,0,0.0,101604537.5
09:50:27 AM,300.45,525,157736.25,101762273.75
09:50:28 AM,301.05,0,0.0,101762273.75
09:50:29 AM,300.55,650,195357.5,101957631.25
09:50:32 AM,300.15,0,0.0,101957631.25
09:50:32 AM,299.45,0,0.0,101957631.25
09:50:32 AM,300.4,675,202769.99999999997,102160401.25
09:50:33 AM,301.55,0,0.0,102160401.25
09:50:34 AM,299.95,100,29995.0,102190396.25
09:50:35 AM,299.15,0,0.0,102190396.25
09:50:36 AM,299.15,125,37393.75,102227790.0
09:50:36 AM,296.0,0,0.0,102227790.0
09:50:37 AM,296.1,0,0.0,102227790.0
09:50:37 AM,296.1,2125,629212.5,102857002.5
09:50:38 AM,296.75,0,0.0,102857002.5
09:50:39 AM,296.75,75,22256.25,102879258.75
09:50:39 AM,299.25,0,0.0,102879258.75
09:50:40 AM,300.4,0,0.0,102879258.75
09:50:41 AM,299.95,675,202466.25,103081725.0
09:50:41 AM,300.0,0,0.0,103081725.0
09:50:42 AM,296.0,0,0.0,103081725.0
09:50:42 AM,296.05,1450,429272.5,103510997.5
09:50:43 AM,296.7,0,0.0,103510997.5
09:50:44 AM,298.7,325,97077.5,103608075.0
09:50:44 AM,299.35,0,0.0,103608075.0
09:50:45 AM,299.0,0,0.0,103608075.0
09:50:46 AM,298.75,875,261406.25,103869481.25
09:50:46 AM,297.75,0,0.0,103869481.25
09:50:47 AM,296.45,0,0.0,103869481.25
09:50:48 AM,296.95,450,133627.5,104003108.75
09:50:48 AM,297.2,0,0.0,104003108.75
09:50:49 AM,297.2,150,44580.0,104047688.75
09:50:51 AM,299.3,0,0.0,104047688.75
09:50:51 AM,299.3,200,59860.0,104107548.75
09:50:51 AM,297.6,0,0.0,104107548.75
09:50:52 AM,297.15,0,0.0,104107548.75
09:50:53 AM,297.8,700,208460.0,104316008.75
09:50:53 AM,297.75,0,0.0,104316008.75
09:50:54 AM,298.15,350,104352.49999999999,104420361.25
09:50:55 AM,297.2,0,0.0,104420361.25
09:50:56 AM,299.0,125,37375.0,104457736.25
09:50:57 AM,297.85,0,0.0,104457736.25
09:50:57 AM,298.1,0,0.0,104457736.25
09:50:58 AM,298.85,575,171838.75,104629575.0
09:50:58 AM,298.65,0,0.0,104629575.0
09:50:59 AM,298.6,250,74650.0,104704225.0
09:51:00 AM,293.15,0,0.0,104704225.0
09:51:01 AM,293.8,1350,396630.0,105100855.0
09:51:01 AM,292.05,0,0.0,105100855.0
09:51:02 AM,294.5,0,0.0,105100855.0
09:51:03 AM,294.35,775,228121.25000000003,105328976.25
09:51:04 AM,296.1,0,0.0,105328976.25
09:51:04 AM,296.1,375,111037.50000000001,105440013.75
09:51:05 AM,298.1,0,0.0,105440013.75
09:51:06 AM,299.4,850,254489.99999999997,105694503.75
09:51:06 AM,298.25,0,0.0,105694503.75
09:51:08 AM,300.45,0,0.0,105694503.75
09:51:08 AM,300.45,225,67601.25,105762105.0
09:51:08 AM,301.75,0,0.0,105762105.0
09:51:09 AM,301.75,150,45262.5,105807367.5
09:51:10 AM,302.4,0,0.0,105807367.5
09:51:10 AM,300.2,0,0.0,105807367.5
09:51:11 AM,300.55,200,60110.0,105867477.5
09:51:13 AM,298.9,0,0.0,105867477.5
09:51:13 AM,298.9,150,44835.0,105912312.5
09:51:13 AM,299.6,0,0.0,105912312.5
09:51:14 AM,299.15,0,0.0,105912312.5
09:51:14 AM,299.15,50,14957.499999999998,105927270.0
09:51:15 AM,299.25,0,0.0,105927270.0
09:51:16 AM,299.9,425,127457.49999999999,106054727.5
09:51:18 AM,301.1,0,0.0,106054727.5
09:51:18 AM,301.1,325,97857.50000000001,106152585.0
09:51:18 AM,301.6,0,0.0,106152585.0
09:51:19 AM,301.1,0,0.0,106152585.0
09:51:19 AM,301.1,375,112912.50000000001,106265497.5
09:51:20 AM,301.2,0,0.0,106265497.5
09:51:21 AM,302.85,50,15142.500000000002,106280640.0
09:51:21 AM,302.4,0,0.0,106280640.0
09:51:22 AM,302.15,0,0.0,106280640.0
09:51:23 AM,302.15,100,30214.999999999996,106310855.0
09:51:23 AM,299.8,0,0.0,106310855.0
09:51:24 AM,299.6,575,172270.0,106483125.0
09:51:24 AM,301.8,0,0.0,106483125.0
09:51:26 AM,302.85,0,0.0,106483125.0
09:51:26 AM,302.85,75,22713.75,106505838.75
09:51:27 AM,304.0,0,0.0,106505838.75
09:51:27 AM,304.0,275,83600.0,106589438.75
09:51:28 AM,303.6,0,0.0,106589438.75
09:51:28 AM,304.05,0,0.0,106589438.75
09:51:29 AM,303.6,425,129030.00000000001,106718468.75
09:51:30 AM,302.75,0,0.0,106718468.75
09:51:31 AM,303.0,50,15150.0,106733618.75
09:51:31 AM,302.85,0,0.0,106733618.75
09:51:32 AM,303.8,0,0.0,106733618.75
09:51:32 AM,303.0,150,45450.0,106779068.75
09:51:33 AM,302.4,0,0.0,106779068.75
09:51:34 AM,301.2,75,22590.0,106801658.75
09:51:35 AM,300.6,0,0.0,106801658.75
09:51:36 AM,300.6,700,210420.00000000003,107012078.75
09:51:36 AM,300.65,0,0.0,107012078.75
09:51:37 AM,300.2,0,0.0,107012078.75
09:51:37 AM,300.2,400,120080.0,107132158.75
09:51:38 AM,302.45,0,0.0,107132158.75
09:51:39 AM,301.6,300,90480.0,107222638.75
09:51:40 AM,303.85,0,0.0,107222638.75
09:51:41 AM,303.85,25,7596.250000000001,107230235.0
09:51:41 AM,304.55,0,0.0,107230235.0
09:51:42 AM,300.8,0,0.0,107230235.0
09:51:42 AM,301.25,750,225937.5,107456172.5
09:51:44 AM,304.45,0,0.0,107456172.5
09:51:44 AM,304.25,400,121700.0,107577872.5
09:51:45 AM,305.65,0,0.0,107577872.5
09:51:46 AM,306.85,700,214795.00000000003,107792667.5
09:51:46 AM,309.8,0,0.0,107792667.5
09:51:47 AM,314.6,0,0.0,107792667.5
09:51:47 AM,313.05,700,219135.0,108011802.5
09:51:48 AM,312.6,0,0.0,108011802.5
09:51:49 AM,308.05,525,161726.25,108173528.75
09:51:50 AM,309.95,0,0.0,108173528.75
09:51:51 AM,307.55,200,61510.0,108235038.75
09:51:51 AM,305.7,0,0.0,108235038.75
09:51:52 AM,305.75,475,145231.25,108380270.0
09:51:53 AM,306.35,0,0.0,108380270.0
09:51:54 AM,304.35,200,60870.00000000001,108441140.0
09:51:55 AM,304.55,0,0.0,108441140.0
09:51:56 AM,304.9,650,198184.99999999997,108639325.0
09:51:56 AM,305.65,0,0.0,108639325.0
09:51:57 AM,306.4,125,38300.0,108677625.0
09:51:58 AM,307.5,0,0.0,108677625.0
09:51:59 AM,306.85,1700,521645.00000000006,109199270.0
09:52:01 AM,308.25,0,0.0,109199270.0
09:52:01 AM,308.25,275,84768.75,109284038.75
09:52:01 AM,307.5,0,0.0,109284038.75
09:52:02 AM,306.45,0,0.0,109284038.75
09:52:02 AM,307.45,1000,307450.0,109591488.75
09:52:03 AM,306.75,0,0.0,109591488.75
09:52:04 AM,305.1,450,137295.0,109728783.75
09:52:04 AM,306.35,0,0.0,109728783.75
09:52:05 AM,306.55,0,0.0,109728783.75
09:52:06 AM,307.15,1825,560548.75,110289332.5
09:52:07 AM,305.2,675,206010.0,110495342.5
09:52:08 AM,304.7,0,0.0,110495342.5
09:52:08 AM,304.6,0,0.0,110495342.5
09:52:09 AM,303.55,550,166952.5,110662295.0
09:52:10 AM,303.65,0,0.0,110662295.0
09:52:11 AM,303.05,75,22728.75,110685023.75
09:52:12 AM,303.45,0,0.0,110685023.75
09:52:12 AM,303.45,75,22758.75,110707782.5
09:52:13 AM,302.65,0,0.0,110707782.5
09:52:14 AM,303.15,125,37893.75,110745676.25
09:52:15 AM,300.85,0,0.0,110745676.25
09:52:16 AM,301.65,225,67871.25,110813547.5
09:52:16 AM,302.05,0,0.0,110813547.5
09:52:17 AM,302.05,25,7551.25,110821098.75
09:52:18 AM,301.65,0,0.0,110821098.75
09:52:18 AM,301.35,0,0.0,110821098.75
09:52:19 AM,301.35,275,82871.25,110903970.0
09:52:20 AM,301.5,0,0.0,110903970.0
09:52:21 AM,301.5,50,15075.0,110919045.0
09:52:21 AM,300.05,0,0.0,110919045.0
09:52:22 AM,300.75,0,0.0,110919045.0
09:52:22 AM,300.5,450,135225.0,111054270.0
09:52:23 AM,301.3,0,0.0,111054270.0
09:52:24 AM,302.4,150,45360.0,111099630.0
09:52:24 AM,303.85,0,0.0,111099630.0
09:52:25 AM,303.8,0,0.0,111099630.0
09:52:26 AM,305.2,175,53410.0,111153040.0
09:52:27 AM,305.35,0,0.0,111153040.0
09:52:27 AM,305.35,625,190843.75,111343883.75
09:52:33 AM,301.5,0,0.0,111343883.75
09:52:34 AM,301.1,1850,557035.0,111900918.75
09:52:35 AM,300.75,0,0.0,111900918.75
09:52:36 AM,300.75,25,7518.75,111908437.5
09:52:42 AM,302.3,0,0.0,111908437.5
09:52:42 AM,301.5,250,75375.0,111983812.5
09:52:44 AM,301.55,0,0.0,111983812.5
09:52:44 AM,300.6,1150,345690.0,112329502.5
09:52:44 AM,301.8,0,0.0,112329502.5
09:52:45 AM,301.9,0,0.0,112329502.5
09:52:46 AM,301.9,250,75475.0,112404977.5
09:52:47 AM,300.8,0,0.0,112404977.5
09:52:47 AM,300.8,175,52640.0,112457617.5
09:52:48 AM,298.5,0,0.0,112457617.5
09:52:48 AM,299.7,0,0.0,112457617.5
09:52:49 AM,297.4,900,267660.0,112725277.5
09:52:50 AM,296.8,0,0.0,112725277.5
09:52:51 AM,296.55,0,0.0,112725277.5
09:52:51 AM,296.55,150,44482.5,112769760.0
09:52:51 AM,296.05,0,0.0,112769760.0
09:52:52 AM,296.35,0,0.0,112769760.0
09:52:52 AM,298.8,1600,478080.0,113247840.0
09:52:54 AM,300.3,0,0.0,113247840.0
09:52:54 AM,300.3,150,45045.0,113292885.0
09:52:55 AM,300.35,0,0.0,113292885.0
09:52:55 AM,300.45,0,0.0,113292885.0
09:52:56 AM,297.95,1700,506515.0,113799400.0
09:52:59 AM,298.2,0,0.0,113799400.0
09:52:59 AM,298.2,50,14910.0,113814310.0
09:52:59 AM,298.05,0,0.0,113814310.0
09:53:00 AM,297.35,0,0.0,113814310.0
09:53:01 AM,297.5,200,59500.0,113873810.0
09:53:02 AM,296.55,0,0.0,113873810.0
09:53:03 AM,296.55,150,44482.5,113918292.5
09:53:03 AM,295.75,0,0.0,113918292.5
09:53:04 AM,296.35,500,148175.0,114066467.5
09:53:05 AM,295.05,0,0.0,114066467.5
09:53:06 AM,295.6,325,96070.00000000001,114162537.5
09:53:07 AM,297.85,0,0.0,114162537.5
09:53:08 AM,297.85,200,59570.00000000001,114222107.5
09:53:08 AM,295.7,0,0.0,114222107.5
09:53:09 AM,295.25,175,51668.75,114273776.25
09:53:10 AM,294.7,0,0.0,114273776.25
09:53:11 AM,292.8,975,285480.0,114559256.25
09:53:11 AM,292.0,0,0.0,114559256.25
09:53:12 AM,293.35,0,0.0,114559256.25
09:53:13 AM,293.35,700,205345.00000000003,114764601.25
09:53:13 AM,293.15,0,0.0,114764601.25
09:53:14 AM,293.15,900,263835.0,115028436.25
09:53:15 AM,292.65,0,0.0,115028436.25
09:53:16 AM,291.15,175,50951.24999999999,115079387.5
09:53:16 AM,291.0,0,0.0,115079387.5
09:53:17 AM,290.65,0,0.0,115079387.5
09:53:18 AM,290.65,1325,385111.24999999994,115464498.75
09:53:18 AM,289.55,0,0.0,115464498.75
09:53:19 AM,289.5,625,180937.5,115645436.25
09:53:20 AM,289.95,0,0.0,115645436.25
09:53:21 AM,289.95,175,50741.25,115696177.5
09:53:22 AM,291.95,0,0.0,115696177.5
09:53:22 AM,293.6,0,0.0,115696177.5
09:53:23 AM,293.6,425,124780.00000000001,115820957.5
09:53:24 AM,293.6,125,36700.0,115857657.5
09:53:24 AM,294.2,0,0.0,115857657.5
09:53:25 AM,293.35,0,0.0,115857657.5
09:53:26 AM,293.35,50,14667.500000000002,115872325.0
09:53:27 AM,294.15,0,0.0,115872325.0
09:53:27 AM,294.15,75,22061.25,115894386.25
09:53:28 AM,291.1,0,0.0,115894386.25
09:53:29 AM,291.1,50,14555.000000000002,115908941.25
09:53:30 AM,291.9,0,0.0,115908941.25
09:53:31 AM,293.1,325,95257.50000000001,116004198.75
09:53:31 AM,292.25,0,0.0,116004198.75
09:53:32 AM,290.45,2150,624467.5,116628666.25
09:53:33 AM,289.7,0,0.0,116628666.25
09:53:34 AM,289.7,75,21727.5,116650393.75
09:53:35 AM,289.0,0,0.0,116650393.75
09:53:35 AM,287.2,0,0.0,116650393.75
09:53:36 AM,287.2,300,86160.0,116736553.75
09:53:37 AM,286.9,0,0.0,116736553.75
09:53:37 AM,286.85,0,0.0,116736553.75
09:53:37 AM,287.45,600,172470.0,116909023.75
09:53:38 AM,288.8,0,0.0,116909023.75
09:53:39 AM,290.1,575,166807.5,117075831.25
09:53:41 AM,290.75,75,21806.25,117097637.5
09:53:41 AM,291.4,0,0.0,117097637.5
09:53:42 AM,291.4,50,14569.999999999998,117112207.5
09:53:45 AM,293.85,0,0.0,117112207.5
09:53:46 AM,293.85,125,36731.25,117148938.75
09:53:47 AM,292.1,0,0.0,117148938.75
09:53:47 AM,292.1,25,7302.500000000001,117156241.25
09:53:48 AM,291.4,0,0.0,117156241.25
09:53:49 AM,291.15,450,131017.49999999999,117287258.75
09:53:49 AM,290.85,0,0.0,117287258.75
09:53:50 AM,291.05,0,0.0,117287258.75
09:53:51 AM,290.65,325,94461.24999999999,117381720.0
09:53:51 AM,291.05,0,0.0,117381720.0
09:53:52 AM,291.75,0,0.0,117381720.0
09:53:52 AM,291.75,75,21881.25,117403601.25
09:53:53 AM,290.5,0,0.0,117403601.25
09:53:54 AM,289.7,675,195547.5,117599148.75
09:53:55 AM,288.9,0,0.0,117599148.75
09:53:56 AM,288.9,1950,563355.0,118162503.75
09:53:56 AM,289.15,0,0.0,118162503.75
09:53:57 AM,288.75,150,43312.5,118205816.25
09:53:58 AM,289.85,0,0.0,118205816.25
09:53:58 AM,289.65,0,0.0,118205816.25
09:53:59 AM,290.3,600,174180.0,118379996.25
09:54:00 AM,290.25,0,0.0,118379996.25
09:54:01 AM,287.4,125,35925.0,118415921.25
09:54:01 AM,287.85,0,0.0,118415921.25
09:54:02 AM,289.05,0,0.0,118415921.25
09:54:02 AM,289.05,300,86715.0,118502636.25
09:54:03 AM,288.3,0,0.0,118502636.25
09:54:04 AM,289.1,625,180687.5,118683323.75
09:54:05 AM,290.55,0,0.0,118683323.75
09:54:06 AM,289.8,250,72450.0,118755773.75
09:54:07 AM,287.5,25,7187.5,118762961.25
09:54:08 AM,289.5,0,0.0,118762961.25
09:54:09 AM,288.8,150,43320.0,118806281.25
09:54:10 AM,288.0,0,0.0,118806281.25
09:54:11 AM,287.1,225,64597.50000000001,118870878.75
09:54:11 AM,288.3,0,0.0,118870878.75
09:54:12 AM,288.1,325,93632.50000000001,118964511.25
09:54:13 AM,287.85,0,0.0,118964511.25
09:54:13 AM,287.95,0,0.0,118964511.25
09:54:14 AM,287.9,300,86370.0,119050881.25
09:54:14 AM,288.6,0,0.0,119050881.25
09:54:15 AM,288.0,0,0.0,119050881.25
09:54:16 AM,287.85,150,43177.5,119094058.75
09:54:18 AM,290.25,0,0.0,119094058.75
09:54:18 AM,291.55,0,0.0,119094058.75
09:54:19 AM,290.0,1050,304500.0,119398558.75
09:54:20 AM,291.9,0,0.0,119398558.75
09:54:21 AM,291.25,675,196593.75,119595152.5
09:54:22 AM,290.35,0,0.0,119595152.5
09:54:22 AM,290.35,100,29035.000000000004,119624187.5
09:54:23 AM,289.6,0,0.0,119624187.5
09:54:24 AM,289.6,250,72400.0,119696587.5
09:54:24 AM,290.8,0,0.0,119696587.5
09:54:25 AM,292.5,0,0.0,119696587.5
09:54:26 AM,292.5,175,51187.5,119747775.0
09:54:27 AM,292.75,0,0.0,119747775.0
09:54:27 AM,292.75,50,14637.5,119762412.5
09:54:28 AM,291.3,0,0.0,119762412.5
09:54:29 AM,290.6,75,21795.0,119784207.5
09:54:31 AM,290.6,675,196155.00000000003,119980362.5
09:54:31 AM,291.2,0,0.0,119980362.5
09:54:32 AM,291.2,25,7280.0,119987642.5
09:54:33 AM,292.95,0,0.0,119987642.5
09:54:33 AM,292.8,0,0.0,119987642.5
09:54:34 AM,292.8,200,58560.0,120046202.5
09:54:35 AM,292.05,0,0.0,120046202.5
09:54:36 AM,292.05,175,51108.75,120097311.25
09:54:37 AM,292.25,0,0.0,120097311.25
09:54:37 AM,291.7,300,87510.0,120184821.25
09:54:38 AM,291.3,0,0.0,120184821.25
09:54:39 AM,291.3,50,14565.0,120199386.25
09:54:40 AM,293.2,0,0.0,120199386.25
09:54:40 AM,293.05,0,0.0,120199386.25
09:54:41 AM,294.1,550,161755.0,120361141.25
09:54:41 AM,294.25,0,0.0,120361141.25
09:54:42 AM,296.0,350,103600.0,120464741.25
09:54:43 AM,297.2,0,0.0,120464741.25
09:54:43 AM,297.0,0,0.0,120464741.25
09:54:44 AM,297.0,1075,319275.0,120784016.25
09:54:44 AM,294.35,0,0.0,120784016.25
09:54:45 AM,292.1,0,0.0,120784016.25
09:54:46 AM,292.1,300,87630.0,120871646.25
09:54:46 AM,289.5,0,0.0,120871646.25
09:54:47 AM,289.7,0,0.0,120871646.25
09:54:47 AM,289.7,1950,564915.0,121436561.25
09:54:49 AM,289.7,25,7242.5,121443803.75
09:54:50 AM,287.6,0,0.0,121443803.75
09:54:50 AM,287.95,0,0.0,121443803.75
09:54:51 AM,288.75,800,231000.0,121674803.75
09:54:52 AM,288.4,0,0.0,121674803.75
09:54:52 AM,288.4,1050,302820.0,121977623.75
09:54:53 AM,287.85,0,0.0,121977623.75
09:54:54 AM,287.9,525,151147.5,122128771.25
09:54:56 AM,289.1,0,0.0,122128771.25
09:54:56 AM,289.1,225,65047.50000000001,122193818.75
09:54:56 AM,289.6,0,0.0,122193818.75
09:54:57 AM,287.45,0,0.0,122193818.75
09:54:57 AM,287.45,125,35931.25,122229750.0
09:54:58 AM,287.2,0,0.0,122229750.0
09:54:59 AM,288.75,75,21656.25,122251406.25
09:54:59 AM,288.3,0,0.0,122251406.25
09:55:00 AM,286.8,0,0.0,122251406.25
09:55:01 AM,286.8,550,157740.0,122409146.25
09:55:01 AM,286.0,0,0.0,122409146.25
09:55:02 AM,287.5,75,21562.5,122430708.75
09:55:03 AM,286.3,0,0.0,122430708.75
09:55:04 AM,287.25,325,93356.25,122524065.0
09:55:05 AM,285.0,0,0.0,122524065.0
09:55:06 AM,286.5,1475,422587.5,122946652.5
09:55:06 AM,285.5,0,0.0,122946652.5
09:55:07 AM,284.7,0,0.0,122946652.5
09:55:07 AM,284.7,1200,341640.0,123288292.5
09:55:08 AM,286.2,0,0.0,123288292.5
09:55:09 AM,286.35,700,200445.00000000003,123488737.5
09:55:10 AM,286.8,0,0.0,123488737.5
09:55:11 AM,286.8,50,14340.0,123503077.5
09:55:11 AM,285.6,0,0.0,123503077.5
09:55:12 AM,285.9,0,0.0,123503077.5
09:55:12 AM,285.0,250,71250.0,123574327.5
09:55:13 AM,285.6,0,0.0,123574327.5
09:55:14 AM,285.1,150,42765.0,123617092.5
09:55:15 AM,286.2,0,0.0,123617092.5
09:55:16 AM,286.6,300,85980.0,123703072.5
09:55:17 AM,286.7,0,0.0,123703072.5
09:55:17 AM,286.7,25,7167.5,123710240.0
09:55:18 AM,285.0,0,0.0,123710240.0
09:55:19 AM,285.0,50,14250.0,123724490.0
09:55:19 AM,286.5,0,0.0,123724490.0
09:55:21 AM,286.5,25,7162.5,123731652.5
09:55:21 AM,285.4,0,0.0,123731652.5
09:55:23 AM,285.4,50,14269.999999999998,123745922.5
09:55:24 AM,284.45,0,0.0,123745922.5
09:55:24 AM,284.55,100,28455.0,123774377.5
09:55:25 AM,283.85,0,0.0,123774377.5
09:55:26 AM,283.85,350,99347.50000000001,123873725.0
09:55:27 AM,285.45,0,0.0,123873725.0
09:55:27 AM,285.45,450,128452.5,124002177.5
09:55:27 AM,284.95,0,0.0,124002177.5
09:55:28 AM,284.8,0,0.0,124002177.5
09:55:29 AM,284.8,525,149520.0,124151697.5
09:55:29 AM,285.95,0,0.0,124151697.5
09:55:30 AM,286.2,0,0.0,124151697.5
09:55:31 AM,286.2,400,114480.0,124266177.5
09:55:32 AM,287.0,0,0.0,124266177.5
09:55:32 AM,287.0,125,35875.0,124302052.5
09:55:33 AM,287.1,0,0.0,124302052.5
09:55:34 AM,286.45,0,0.0,124302052.5
09:55:34 AM,286.45,50,14322.5,124316375.0
09:55:35 AM,287.2,0,0.0,124316375.0
09:55:35 AM,287.15,0,0.0,124316375.0
09:55:36 AM,287.15,75,21536.25,124337911.25
09:55:37 AM,287.75,0,0.0,124337911.25
09:55:37 AM,287.75,25,7193.75,124345105.0
09:55:38 AM,286.4,0,0.0,124345105.0
09:55:39 AM,286.4,75,21480.0,124366585.0
09:55:40 AM,284.95,0,0.0,124366585.0
09:55:41 AM,284.95,500,142475.0,124509060.0
09:55:41 AM,284.75,0,0.0,124509060.0
09:55:42 AM,282.75,0,0.0,124509060.0
09:55:42 AM,282.75,575,162581.25,124671641.25
09:55:43 AM,281.8,0,0.0,124671641.25
09:55:44 AM,281.95,425,119828.75,124791470.0
09:55:45 AM,285.25,0,0.0,124791470.0
09:55:46 AM,285.25,850,242462.5,125033932.5
09:55:46 AM,284.85,0,0.0,125033932.5
09:55:47 AM,285.3,50,14265.0,125048197.5
09:55:47 AM,286.05,0,0.0,125048197.5
09:55:48 AM,286.9,0,0.0,125048197.5
09:55:49 AM,288.2,1625,468325.0,125516522.5
09:55:49 AM,286.2,0,0.0,125516522.5
09:55:51 AM,286.2,450,128790.0,125645312.5
09:55:52 AM,286.8,50,14340.0,125659652.5
09:55:53 AM,287.35,0,0.0,125659652.5
09:55:54 AM,287.35,325,93388.75000000001,125753041.25
09:55:54 AM,287.1,0,0.0,125753041.25
09:55:55 AM,288.1,0,0.0,125753041.25
09:55:56 AM,288.1,950,273695.0,126026736.25
09:55:56 AM,287.95,0,0.0,126026736.25
09:55:57 AM,289.65,0,0.0,126026736.25
09:55:57 AM,289.65,800,231719.99999999997,126258456.25
09:55:58 AM,288.95,0,0.0,126258456.25
09:55:59 AM,289.25,225,65081.25,126323537.5
09:56:00 AM,289.75,0,0.0,126323537.5
09:56:01 AM,289.75,150,43462.5,126367000.0
09:56:01 AM,290.0,0,0.0,126367000.0
09:56:02 AM,289.75,0,0.0,126367000.0
09:56:02 AM,289.75,350,101412.5,126468412.5
09:56:03 AM,289.05,0,0.0,126468412.5
09:56:04 AM,288.65,175,50513.74999999999,126518926.25
09:56:07 AM,290.85,0,0.0,126518926.25
09:56:07 AM,290.85,200,58170.00000000001,126577096.25
09:56:09 AM,291.85,0,0.0,126577096.25
09:56:09 AM,292.65,2275,665778.75,127242875.0
09:56:11 AM,294.45,0,0.0,127242875.0
09:56:11 AM,294.45,1275,375423.75,127618298.75
09:56:12 AM,294.55,0,0.0,127618298.75
09:56:12 AM,292.85,200,58570.00000000001,127676868.75
09:56:13 AM,292.3,0,0.0,127676868.75
09:56:14 AM,291.85,0,0.0,127676868.75
09:56:14 AM,291.45,525,153011.25,127829880.0
09:56:14 AM,291.55,0,0.0,127829880.0
09:56:15 AM,292.1,0,0.0,127829880.0
09:56:16 AM,292.1,150,43815.0,127873695.0
09:56:16 AM,291.65,0,0.0,127873695.0
09:56:17 AM,291.55,0,0.0,127873695.0
09:56:17 AM,291.55,400,116620.0,127990315.0
09:56:18 AM,291.3,0,0.0,127990315.0
09:56:19 AM,291.3,250,72825.0,128063140.0
09:56:20 AM,290.95,0,0.0,128063140.0
09:56:21 AM,293.4,0,0.0,128063140.0
09:56:21 AM,293.4,325,95354.99999999999,128158495.0
09:56:21 AM,294.1,0,0.0,128158495.0
09:56:22 AM,292.2,0,0.0,128158495.0
09:56:22 AM,292.2,50,14610.0,128173105.0
09:56:23 AM,288.8,0,0.0,128173105.0
09:56:24 AM,288.35,275,79296.25,128252401.25
09:56:26 AM,289.7,0,0.0,128252401.25
09:56:26 AM,289.7,2275,659067.5,128911468.75
09:56:27 AM,288.0,0,0.0,128911468.75
09:56:27 AM,288.0,225,64800.0,128976268.75
09:56:28 AM,287.9,0,0.0,128976268.75
09:56:29 AM,287.9,25,7197.499999999999,128983466.25
09:56:30 AM,287.0,0,0.0,128983466.25
09:56:31 AM,287.0,500,143500.0,129126966.25
09:56:31 AM,287.1,0,0.0,129126966.25
09:56:32 AM,286.65,0,0.0,129126966.25
09:56:32 AM,286.15,0,0.0,129126966.25
09:56:32 AM,286.15,250,71537.5,129198503.75
09:56:34 AM,287.7,0,0.0,129198503.75
09:56:34 AM,288.3,450,129735.0,129328238.75
09:56:37 AM,287.7,0,0.0,129328238.75
09:56:37 AM,287.7,1000,287700.0,129615938.75
09:56:38 AM,286.7,0,0.0,129615938.75
09:56:39 AM,286.5,0,0.0,129615938.75
09:56:39 AM,286.25,75,21468.75,129637407.5
09:56:39 AM,287.85,0,0.0,129637407.5
09:56:41 AM,286.8,0,0.0,129637407.5
09:56:41 AM,286.8,950,272460.0,129909867.5
09:56:42 AM,287.15,0,0.0,129909867.5
09:56:42 AM,287.15,75,21536.25,129931403.75
09:56:45 AM,285.0,0,0.0,129931403.75
09:56:46 AM,284.35,0,0.0,129931403.75
09:56:46 AM,285.15,375,106931.24999999999,130038335.0
09:56:47 AM,285.15,625,178218.75,130216553.75
09:56:52 AM,286.9,0,0.0,130216553.75
09:56:52 AM,286.35,200,57270.00000000001,130273823.75
09:56:53 AM,286.4,0,0.0,130273823.75
09:56:54 AM,285.5,50,14275.0,130288098.75
09:56:56 AM,286.9,0,0.0,130288098.75
09:56:56 AM,287.85,1050,302242.5,130590341.25
09:56:56 AM,285.9,0,0.0,130590341.25
09:56:57 AM,285.5,250,71375.0,130661716.25
09:56:58 AM,287.1,0,0.0,130661716.25
09:56:59 AM,287.75,100,28775.0,130690491.25
09:57:01 AM,288.0,0,0.0,130690491.25
09:57:01 AM,287.75,1550,446012.5,131136503.75
09:57:01 AM,287.55,0,0.0,131136503.75
09:57:02 AM,287.7,0,0.0,131136503.75
09:57:02 AM,287.7,150,43155.0,131179658.75
09:57:04 AM,289.45,0,0.0,131179658.75
09:57:04 AM,291.55,300,87465.0,131267123.75
09:57:06 AM,291.65,0,0.0,131267123.75
09:57:06 AM,291.65,75,21873.75,131288997.5
09:57:07 AM,292.7,0,0.0,131288997.5
09:57:07 AM,291.5,0,0.0,131288997.5
09:57:07 AM,291.5,175,51012.5,131340010.0
09:57:08 AM,293.0,0,0.0,131340010.0
09:57:09 AM,292.5,50,14625.0,131354635.0
09:57:10 AM,292.0,0,0.0,131354635.0
09:57:10 AM,293.15,0,0.0,131354635.0
09:57:11 AM,293.15,250,73287.5,131427922.5
09:57:12 AM,291.95,0,0.0,131427922.5
09:57:12 AM,291.75,0,0.0,131427922.5
09:57:12 AM,291.75,75,21881.25,131449803.75
09:57:14 AM,290.7,0,0.0,131449803.75
09:57:14 AM,290.85,225,65441.25000000001,131515245.0
09:57:15 AM,291.75,0,0.0,131515245.0
09:57:16 AM,290.3,1525,442707.5,131957952.5
09:57:17 AM,292.05,0,0.0,131957952.5
09:57:17 AM,292.05,1150,335857.5,132293810.0
09:57:18 AM,291.8,0,0.0,132293810.0
09:57:19 AM,291.8,150,43770.0,132337580.0
09:57:20 AM,291.0,0,0.0,132337580.0
09:57:20 AM,292.4,0,0.0,132337580.0
09:57:21 AM,292.4,75,21930.0,132359510.0
09:57:22 AM,291.75,0,0.0,132359510.0
09:57:22 AM,291.75,100,29175.0,132388685.0
09:57:23 AM,290.7,0,0.0,132388685.0
09:57:24 AM,291.6,0,0.0,132388685.0
09:57:24 AM,291.6,225,65610.0,132454295.0
09:57:25 AM,289.0,0,0.0,132454295.0
09:57:25 AM,288.7,0,0.0,132454295.0
09:57:26 AM,288.4,225,64889.99999999999,132519185.0
09:57:26 AM,286.2,0,0.0,132519185.0
09:57:27 AM,286.65,0,0.0,132519185.0
09:57:28 AM,286.65,200,57329.99999999999,132576515.0
09:57:28 AM,288.0,0,0.0,132576515.0
09:57:29 AM,288.0,200,57600.0,132634115.0
09:57:30 AM,287.15,0,0.0,132634115.0
09:57:31 AM,288.1,0,0.0,132634115.0
09:57:31 AM,288.1,250,72025.0,132706140.0
09:57:32 AM,289.15,0,0.0,132706140.0
09:57:33 AM,289.15,25,7228.749999999999,132713368.75
09:57:33 AM,287.75,0,0.0,132713368.75
09:57:34 AM,287.5,0,0.0,132713368.75
09:57:34 AM,287.5,75,21562.5,132734931.25
09:57:35 AM,286.6,0,0.0,132734931.25
09:57:35 AM,286.1,0,0.0,132734931.25
09:57:36 AM,286.65,375,107493.74999999999,132842425.0
09:57:37 AM,287.55,0,0.0,132842425.0
09:57:37 AM,286.45,0,0.0,132842425.0
09:57:38 AM,286.45,850,243482.5,133085907.5
09:57:39 AM,287.15,0,0.0,133085907.5
09:57:39 AM,287.15,200,57429.99999999999,133143337.5
09:57:41 AM,285.5,0,0.0,133143337.5
09:57:42 AM,286.95,0,0.0,133143337.5
09:57:43 AM,286.95,375,107606.25,133250943.75
09:57:45 AM,285.0,0,0.0,133250943.75
09:57:46 AM,284.35,0,0.0,133250943.75
09:57:46 AM,284.35,125,35543.75,133286487.5
09:57:47 AM,284.8,0,0.0,133286487.5
09:57:47 AM,284.0,0,0.0,133286487.5
09:57:48 AM,284.0,600,170400.0,133456887.5
09:57:48 AM,283.15,0,0.0,133456887.5
09:57:49 AM,283.0,325,91975.0,133548862.5
09:57:50 AM,282.35,0,0.0,133548862.5
09:57:51 AM,282.35,275,77646.25,133626508.75
09:57:53 AM,282.5,0,0.0,133626508.75
09:57:54 AM,280.05,0,0.0,133626508.75
09:57:54 AM,281.2,625,175750.0,133802258.75
09:57:55 AM,281.0,0,0.0,133802258.75
09:57:55 AM,280.55,0,0.0,133802258.75
09:57:56 AM,280.0,250,70000.0,133872258.75
09:57:57 AM,280.25,0,0.0,133872258.75
09:57:58 AM,280.25,1400,392350.0,134264608.75
09:58:00 AM,280.0,0,0.0,134264608.75
09:58:01 AM,279.65,0,0.0,134264608.75
