date,price,qty,trnvr,cum_trnvr
09:15:01 AM,62.25,150,9337.5,9337.5
09:15:01 AM,63.2,0,0.0,9337.5
09:15:02 AM,62.95,825,51933.75,61271.25
09:15:02 AM,63.95,0,0.0,61271.25
09:15:03 AM,63.0,3275,206325.0,267596.25
09:15:04 AM,62.25,0,0.0,267596.25
09:15:04 AM,63.4,275,17435.0,285031.25
09:15:06 AM,63.85,50,3192.5,288223.75
09:15:06 AM,62.95,0,0.0,288223.75
09:15:07 AM,62.5,550,34375.0,322598.75
09:15:08 AM,62.35,675,42086.25,364685.0
09:15:09 AM,62.85,0,0.0,364685.0
09:15:09 AM,63.7,1500,95550.0,460235.0
09:15:09 AM,64.25,0,0.0,460235.0
09:15:10 AM,63.85,250,15962.5,476197.5
09:15:10 AM,64.2,0,0.0,476197.5
09:15:11 AM,63.65,2500,159125.0,635322.5
09:15:11 AM,63.75,0,0.0,635322.5
09:15:12 AM,64.45,600,38670.0,673992.5
09:15:13 AM,65.3,0,0.0,673992.5
09:15:13 AM,65.65,3275,215003.75000000003,888996.25
09:15:14 AM,66.35,5650,374877.49999999994,1263873.75
09:15:16 AM,66.35,2150,142652.5,1406526.25
09:15:16 AM,65.75,0,0.0,1406526.25
09:15:17 AM,66.0,3650,240900.0,1647426.25
09:15:18 AM,65.55,2750,180262.5,1827688.75
09:15:18 AM,65.15,0,0.0,1827688.75
09:15:19 AM,65.2,550,35860.0,1863548.75
09:15:19 AM,65.5,0,0.0,1863548.75
09:15:20 AM,65.0,1550,100750.0,1964298.75
09:15:21 AM,64.8,0,0.0,1964298.75
09:15:21 AM,64.65,625,40406.25,2004705.0
09:15:21 AM,64.55,0,0.0,2004705.0
09:15:22 AM,64.35,275,17696.25,2022401.25
09:15:22 AM,64.75,0,0.0,2022401.25
09:15:23 AM,65.5,625,40937.5,2063338.75
09:15:24 AM,65.0,0,0.0,2063338.75
09:15:24 AM,65.2,300,19560.0,2082898.75
09:15:24 AM,65.15,0,0.0,2082898.75
09:15:25 AM,65.2,1100,71720.0,2154618.75
09:15:27 AM,65.55,1875,122906.25,2277525.0
09:15:27 AM,65.8,0,0.0,2277525.0
09:15:28 AM,65.75,275,18081.25,2295606.25
09:15:28 AM,64.95,0,0.0,2295606.25
09:15:29 AM,64.85,1725,111866.24999999999,2407472.5
09:15:29 AM,65.15,0,0.0,2407472.5
09:15:30 AM,65.0,4700,305500.0,2712972.5
09:15:31 AM,65.25,0,0.0,2712972.5
09:15:31 AM,64.9,1725,111952.50000000001,2824925.0
09:15:32 AM,64.65,150,9697.5,2834622.5
09:15:33 AM,65.15,0,0.0,2834622.5
09:15:33 AM,65.15,825,53748.75000000001,2888371.25
09:15:34 AM,64.8,0,0.0,2888371.25
09:15:34 AM,65.55,900,58995.0,2947366.25
09:15:34 AM,66.4,0,0.0,2947366.25
09:15:35 AM,66.35,2300,152605.0,3099971.25
09:15:35 AM,66.7,0,0.0,3099971.25
09:15:36 AM,66.65,2100,139965.0,3239936.25
09:15:37 AM,66.9,0,0.0,3239936.25
09:15:37 AM,66.85,0,0.0,3239936.25
09:15:37 AM,66.85,625,41781.25,3281717.5
09:15:39 AM,66.05,0,0.0,3281717.5
09:15:39 AM,66.05,750,49537.5,3331255.0
09:15:39 AM,66.2,0,0.0,3331255.0
09:15:40 AM,66.2,1100,72820.0,3404075.0
09:15:40 AM,65.8,0,0.0,3404075.0
09:15:41 AM,66.4,1450,96280.00000000001,3500355.0
09:15:42 AM,66.4,425,28220.000000000004,3528575.0
09:15:42 AM,67.15,0,0.0,3528575.0
09:15:43 AM,67.15,750,50362.50000000001,3578937.5
09:15:43 AM,69.2,0,0.0,3578937.5
09:15:44 AM,68.75,7175,493281.25,4072218.75
09:15:44 AM,68.95,0,0.0,4072218.75
09:15:45 AM,68.25,1325,90431.25,4162650.0
09:15:46 AM,68.0,0,0.0,4162650.0
09:15:46 AM,68.55,1850,126817.5,4289467.5
09:15:46 AM,68.15,0,0.0,4289467.5
09:15:47 AM,67.4,1375,92675.00000000001,4382142.5
09:15:47 AM,66.9,0,0.0,4382142.5
09:15:48 AM,66.95,75,5021.25,4387163.75
09:15:49 AM,67.4,0,0.0,4387163.75
09:15:49 AM,67.95,0,0.0,4387163.75
09:15:49 AM,67.95,1225,83238.75,4470402.5
09:15:50 AM,68.25,0,0.0,4470402.5
09:15:51 AM,68.15,1875,127781.25000000001,4598183.75
09:15:52 AM,68.05,0,0.0,4598183.75
09:15:52 AM,68.05,425,28921.25,4627105.0
09:15:52 AM,68.7,0,0.0,4627105.0
09:15:53 AM,68.45,1925,131766.25,4758871.25
09:15:53 AM,68.35,0,0.0,4758871.25
09:15:54 AM,68.45,1050,71872.5,4830743.75
09:15:55 AM,68.55,1950,133672.5,4964416.25
09:15:55 AM,68.35,0,0.0,4964416.25
09:15:56 AM,68.9,6275,432347.50000000006,5396763.75
09:15:57 AM,69.15,650,44947.50000000001,5441711.25
09:15:58 AM,68.65,0,0.0,5441711.25
09:15:58 AM,68.35,1075,73476.25,5515187.5
09:15:58 AM,69.1,0,0.0,5515187.5
09:15:59 AM,68.7,3625,249037.5,5764225.0
09:15:59 AM,68.1,0,0.0,5764225.0
09:16:00 AM,68.15,3500,238525.00000000003,6002750.0
09:16:01 AM,68.0,0,0.0,6002750.0
09:16:01 AM,68.1,925,62992.49999999999,6065742.5
09:16:01 AM,68.35,0,0.0,6065742.5
09:16:02 AM,67.75,3550,240512.5,6306255.0
09:16:02 AM,67.35,0,0.0,6306255.0
09:16:03 AM,68.2,2275,155155.0,6461410.0
09:16:03 AM,67.95,0,0.0,6461410.0
09:16:04 AM,67.9,2000,135800.0,6597210.0
09:16:05 AM,68.45,0,0.0,6597210.0
09:16:05 AM,67.9,475,32252.500000000004,6629462.5
09:16:05 AM,68.6,0,0.0,6629462.5
09:16:06 AM,68.5,1125,77062.5,6706525.0
09:16:07 AM,68.45,0,0.0,6706525.0
09:16:07 AM,68.15,550,37482.5,6744007.5
09:16:08 AM,68.1,0,0.0,6744007.5
09:16:08 AM,68.1,1525,103852.49999999999,6847860.0
09:16:09 AM,68.4,0,0.0,6847860.0
09:16:09 AM,68.4,1300,88920.00000000001,6936780.0
09:16:10 AM,70.35,0,0.0,6936780.0
09:16:11 AM,70.3,11100,780330.0,7717110.0
09:16:12 AM,70.5,0,0.0,7717110.0
09:16:12 AM,70.5,1725,121612.5,7838722.5
09:16:12 AM,69.8,0,0.0,7838722.5
09:16:13 AM,69.6,4725,328860.0,8167582.5
09:16:13 AM,69.8,0,0.0,8167582.5
09:16:14 AM,69.8,1300,90740.0,8258322.5
09:16:15 AM,72.05,8725,628636.25,8886958.75
09:16:15 AM,71.65,0,0.0,8886958.75
09:16:16 AM,71.45,8025,573386.25,9460345.0
09:16:16 AM,71.15,0,0.0,9460345.0
09:16:17 AM,70.75,1725,122043.75,9582388.75
09:16:18 AM,70.0,0,0.0,9582388.75
09:16:18 AM,70.75,1500,106125.0,9688513.75
09:16:19 AM,70.45,0,0.0,9688513.75
09:16:19 AM,70.45,1000,70450.0,9758963.75
09:16:21 AM,70.35,0,0.0,9758963.75
09:16:21 AM,70.35,1400,98489.99999999999,9857453.75
09:16:21 AM,70.15,0,0.0,9857453.75
09:16:22 AM,70.2,275,19305.0,9876758.75
09:16:23 AM,69.85,0,0.0,9876758.75
09:16:23 AM,69.6,1225,85260.0,9962018.75
09:16:23 AM,70.05,0,0.0,9962018.75
09:16:24 AM,70.7,1350,95445.0,10057463.75
09:16:24 AM,70.45,0,0.0,10057463.75
09:16:25 AM,69.75,2125,148218.75,10205682.5
09:16:25 AM,69.45,0,0.0,10205682.5
09:16:26 AM,69.9,2900,202710.00000000003,10408392.5
09:16:27 AM,70.15,0,0.0,10408392.5
09:16:27 AM,70.35,700,49244.99999999999,10457637.5
09:16:27 AM,70.5,0,0.0,10457637.5
09:16:28 AM,71.15,1650,117397.50000000001,10575035.0
09:16:28 AM,71.6,0,0.0,10575035.0
09:16:29 AM,71.55,675,48296.25,10623331.25
09:16:30 AM,71.5,0,0.0,10623331.25
09:16:30 AM,71.55,975,69761.25,10693092.5
09:16:30 AM,71.5,0,0.0,10693092.5
09:16:31 AM,71.65,350,25077.500000000004,10718170.0
09:16:31 AM,70.8,0,0.0,10718170.0
09:16:32 AM,70.65,2225,157196.25,10875366.25
09:16:33 AM,70.2,0,0.0,10875366.25
09:16:33 AM,70.2,400,28080.0,10903446.25
09:16:33 AM,70.95,0,0.0,10903446.25
09:16:33 AM,70.95,2175,154316.25,11057762.5
09:16:34 AM,71.0,0,0.0,11057762.5
09:16:34 AM,71.0,1500,106500.0,11164262.5
09:16:36 AM,71.95,0,0.0,11164262.5
09:16:36 AM,71.95,4225,303988.75,11468251.25
09:16:36 AM,71.4,0,0.0,11468251.25
09:16:37 AM,71.3,600,42780.0,11511031.25
09:16:37 AM,70.6,0,0.0,11511031.25
09:16:38 AM,70.5,900,63450.0,11574481.25
09:16:38 AM,70.35,0,0.0,11574481.25
09:16:39 AM,70.2,2675,187785.0,11762266.25
09:16:39 AM,70.0,0,0.0,11762266.25
09:16:40 AM,71.1,1900,135090.0,11897356.25
09:16:41 AM,70.6,0,0.0,11897356.25
09:16:41 AM,71.7,6575,471427.5,12368783.75
09:16:41 AM,71.8,0,0.0,12368783.75
09:16:42 AM,72.3,2175,157252.5,12526036.25
09:16:42 AM,72.2,0,0.0,12526036.25
09:16:43 AM,72.1,725,52272.49999999999,12578308.75
09:16:43 AM,71.85,0,0.0,12578308.75
09:16:44 AM,71.9,1500,107850.00000000001,12686158.75
09:16:44 AM,72.15,0,0.0,12686158.75
09:16:45 AM,72.6,1125,81675.0,12767833.75
09:16:46 AM,72.9,0,0.0,12767833.75
09:16:46 AM,72.2,850,61370.0,12829203.75
09:16:47 AM,73.05,0,0.0,12829203.75
09:16:47 AM,73.05,2825,206366.25,13035570.0
09:16:48 AM,72.55,2050,148727.5,13184297.5
09:16:49 AM,72.4,0,0.0,13184297.5
09:16:49 AM,72.3,0,0.0,13184297.5
09:16:50 AM,72.25,875,63218.75,13247516.25
09:16:50 AM,72.4,0,0.0,13247516.25
09:16:51 AM,72.6,875,63524.99999999999,13311041.25
09:16:51 AM,72.3,0,0.0,13311041.25
09:16:52 AM,72.35,475,34366.25,13345407.5
09:16:52 AM,72.1,0,0.0,13345407.5
09:16:53 AM,71.9,675,48532.50000000001,13393940.0
09:16:54 AM,71.95,0,0.0,13393940.0
09:16:54 AM,71.4,400,28560.000000000004,13422500.0
09:16:54 AM,71.85,0,0.0,13422500.0
09:16:55 AM,71.0,2350,166850.0,13589350.0
09:16:55 AM,71.05,0,0.0,13589350.0
09:16:56 AM,70.95,200,14190.0,13603540.0
09:16:57 AM,71.4,0,0.0,13603540.0
09:16:57 AM,70.95,1375,97556.25,13701096.25
09:16:58 AM,71.05,1075,76378.75,13777475.0
09:16:58 AM,71.25,0,0.0,13777475.0
09:16:59 AM,71.0,1050,74550.0,13852025.0
09:16:59 AM,70.8,0,0.0,13852025.0
09:17:00 AM,71.95,5500,395725.0,14247750.0
09:17:01 AM,72.05,0,0.0,14247750.0
09:17:02 AM,72.25,2075,149918.75,14397668.75
09:17:02 AM,73.15,0,0.0,14397668.75
09:17:03 AM,72.75,9625,700218.75,15097887.5
09:17:04 AM,72.95,0,0.0,15097887.5
09:17:04 AM,73.6,4275,314640.0,15412527.5
09:17:04 AM,74.05,0,0.0,15412527.5
09:17:05 AM,74.2,950,70490.0,15483017.5
09:17:05 AM,73.9,0,0.0,15483017.5
09:17:06 AM,73.6,300,22080.0,15505097.5
09:17:06 AM,73.7,0,0.0,15505097.5
09:17:07 AM,73.95,725,53613.75,15558711.25
09:17:08 AM,73.6,0,0.0,15558711.25
09:17:08 AM,73.85,1050,77542.5,15636253.75
09:17:09 AM,73.25,1125,82406.25,15718660.0
09:17:09 AM,73.15,0,0.0,15718660.0
09:17:10 AM,72.6,0,0.0,15718660.0
09:17:11 AM,72.6,2725,197834.99999999997,15916495.0
09:17:12 AM,72.25,650,46962.5,15963457.5
09:17:12 AM,72.3,0,0.0,15963457.5
09:17:13 AM,72.3,325,23497.5,15986955.0
09:17:13 AM,72.15,0,0.0,15986955.0
09:17:14 AM,71.85,275,19758.75,16006713.75
09:17:14 AM,71.45,0,0.0,16006713.75
09:17:15 AM,71.45,575,41083.75,16047797.5
09:17:16 AM,70.2,0,0.0,16047797.5
09:17:16 AM,70.2,1175,82485.0,16130282.5
09:17:16 AM,70.1,0,0.0,16130282.5
09:17:17 AM,69.75,1200,83700.0,16213982.5
09:17:18 AM,69.85,0,0.0,16213982.5
09:17:18 AM,69.7,1750,121975.0,16335957.5
09:17:18 AM,68.95,0,0.0,16335957.5
09:17:19 AM,68.95,475,32751.25,16368708.75
09:17:19 AM,68.9,0,0.0,16368708.75
09:17:20 AM,69.3,1225,84892.5,16453601.25
09:17:21 AM,69.35,0,0.0,16453601.25
09:17:21 AM,69.75,200,13950.0,16467551.25
09:17:21 AM,70.25,0,0.0,16467551.25
09:17:22 AM,70.25,1800,126450.0,16594001.25
09:17:23 AM,70.05,525,36776.25,16630777.5
09:17:24 AM,70.35,0,0.0,16630777.5
09:17:24 AM,70.45,0,0.0,16630777.5
09:17:25 AM,70.5,650,45825.0,16676602.5
09:17:25 AM,69.7,0,0.0,16676602.5
09:17:26 AM,69.55,125,8693.75,16685296.25
09:17:26 AM,70.4,0,0.0,16685296.25
09:17:27 AM,70.4,50,3520.0000000000005,16688816.25
09:17:28 AM,70.35,0,0.0,16688816.25
09:17:28 AM,70.35,275,19346.25,16708162.5
09:17:28 AM,70.85,0,0.0,16708162.5
09:17:29 AM,70.7,175,12372.5,16720535.0
09:17:30 AM,70.9,675,47857.50000000001,16768392.5
09:17:30 AM,70.35,0,0.0,16768392.5
09:17:31 AM,70.35,725,51003.74999999999,16819396.25
09:17:31 AM,70.55,0,0.0,16819396.25
09:17:32 AM,70.6,525,37065.0,16856461.25
09:17:32 AM,70.85,0,0.0,16856461.25
09:17:33 AM,70.85,475,33653.75,16890115.0
09:17:34 AM,69.8,0,0.0,16890115.0
09:17:34 AM,69.8,825,57585.0,16947700.0
09:17:35 AM,69.95,75,5246.25,16952946.25
09:17:35 AM,69.8,0,0.0,16952946.25
09:17:36 AM,69.8,200,13960.0,16966906.25
09:17:36 AM,69.6,0,0.0,16966906.25
09:17:37 AM,69.7,925,64472.5,17031378.75
09:17:37 AM,69.2,0,0.0,17031378.75
09:17:38 AM,69.3,825,57172.5,17088551.25
09:17:39 AM,69.2,75,5190.0,17093741.25
09:17:40 AM,69.1,0,0.0,17093741.25
09:17:40 AM,68.7,2225,152857.5,17246598.75
09:17:40 AM,68.55,0,0.0,17246598.75
09:17:41 AM,68.9,775,53397.50000000001,17299996.25
09:17:41 AM,68.55,0,0.0,17299996.25
09:17:42 AM,68.3,900,61470.0,17361466.25
09:17:44 AM,68.0,450,30600.0,17392066.25
09:17:44 AM,67.45,0,0.0,17392066.25
09:17:45 AM,67.75,1475,99931.25,17491997.5
09:17:45 AM,67.15,0,0.0,17491997.5
09:17:46 AM,66.9,925,61882.50000000001,17553880.0
09:17:46 AM,66.95,0,0.0,17553880.0
09:17:47 AM,67.3,775,52157.5,17606037.5
09:17:48 AM,67.3,1675,112727.5,17718765.0
09:17:48 AM,67.55,0,0.0,17718765.0
09:17:49 AM,67.4,800,53920.00000000001,17772685.0
09:17:49 AM,67.8,0,0.0,17772685.0
09:17:50 AM,67.75,1675,113481.25,17886166.25
09:17:51 AM,67.85,625,42406.25,17928572.5
09:17:52 AM,67.65,0,0.0,17928572.5
09:17:52 AM,67.6,775,52389.99999999999,17980962.5
09:17:52 AM,68.1,0,0.0,17980962.5
09:17:53 AM,67.8,675,45765.0,18026727.5
09:17:54 AM,67.65,725,49046.25000000001,18075773.75
09:17:55 AM,67.65,3475,235083.75000000003,18310857.5
09:17:56 AM,67.85,0,0.0,18310857.5
09:17:56 AM,67.8,0,0.0,18310857.5
09:17:57 AM,67.8,6825,462735.0,18773592.5
09:17:57 AM,68.25,0,0.0,18773592.5
09:17:58 AM,67.9,1475,100152.50000000001,18873745.0
09:17:59 AM,67.55,0,0.0,18873745.0
09:17:59 AM,67.6,5725,387009.99999999994,19260755.0
09:17:59 AM,67.45,0,0.0,19260755.0
09:18:00 AM,68.0,2050,139400.0,19400155.0
09:18:00 AM,67.75,0,0.0,19400155.0
09:18:01 AM,68.05,750,51037.5,19451192.5
09:18:02 AM,67.75,0,0.0,19451192.5
09:18:02 AM,68.0,525,35700.0,19486892.5
09:18:02 AM,67.95,0,0.0,19486892.5
09:18:03 AM,68.15,2025,138003.75,19624896.25
09:18:04 AM,68.2,250,17050.0,19641946.25
09:18:04 AM,68.35,0,0.0,19641946.25
09:18:05 AM,68.65,250,17162.5,19659108.75
09:18:06 AM,68.3,0,0.0,19659108.75
09:18:06 AM,68.9,600,41340.0,19700448.75
09:18:07 AM,68.85,25,1721.2499999999998,19702170.0
09:18:09 AM,68.45,475,32513.75,19734683.75
09:18:09 AM,67.95,0,0.0,19734683.75
09:18:10 AM,67.95,675,45866.25,19780550.0
09:18:10 AM,67.7,0,0.0,19780550.0
09:18:11 AM,67.7,150,10155.0,19790705.0
09:18:12 AM,66.75,0,0.0,19790705.0
09:18:12 AM,66.75,1750,116812.5,19907517.5
09:18:12 AM,66.95,0,0.0,19907517.5
09:18:13 AM,66.4,200,13280.000000000002,19920797.5
09:18:13 AM,66.3,0,0.0,19920797.5
09:18:14 AM,66.6,800,53279.99999999999,19974077.5
09:18:15 AM,66.25,0,0.0,19974077.5
09:18:15 AM,66.3,100,6630.0,19980707.5
09:18:15 AM,66.25,0,0.0,19980707.5
09:18:16 AM,66.25,325,21531.25,20002238.75
09:18:16 AM,66.15,0,0.0,20002238.75
09:18:17 AM,66.25,2400,159000.0,20161238.75
09:18:17 AM,66.5,0,0.0,20161238.75
09:18:18 AM,66.4,1250,83000.0,20244238.75
09:18:18 AM,65.65,0,0.0,20244238.75
09:18:19 AM,65.5,350,22925.0,20267163.75
09:18:20 AM,65.9,0,0.0,20267163.75
09:18:20 AM,66.0,300,19800.0,20286963.75
09:18:20 AM,65.25,0,0.0,20286963.75
09:18:21 AM,65.3,475,31017.5,20317981.25
09:18:21 AM,65.5,0,0.0,20317981.25
09:18:22 AM,65.7,1900,124830.0,20442811.25
09:18:22 AM,65.8,725,47705.0,20490516.25
09:18:23 AM,65.45,0,0.0,20490516.25
09:18:23 AM,65.95,500,32975.0,20523491.25
09:18:24 AM,66.45,0,0.0,20523491.25
09:18:25 AM,66.6,1500,99899.99999999999,20623391.25
09:18:25 AM,66.1,0,0.0,20623391.25
09:18:27 AM,66.2,0,0.0,20623391.25
09:18:27 AM,66.2,1025,67855.0,20691246.25
09:18:27 AM,65.9,0,0.0,20691246.25
09:18:28 AM,64.9,3825,248242.50000000003,20939488.75
09:18:30 AM,64.85,0,0.0,20939488.75
09:18:30 AM,64.85,875,56743.74999999999,20996232.5
09:18:30 AM,64.45,0,0.0,20996232.5
09:18:31 AM,64.0,0,0.0,20996232.5
09:18:32 AM,64.3,1625,104487.5,21100720.0
09:18:32 AM,64.45,0,0.0,21100720.0
09:18:33 AM,63.7,600,38220.0,21138940.0
09:18:35 AM,63.8,0,0.0,21138940.0
09:18:35 AM,63.35,1950,123532.5,21262472.5
09:18:35 AM,63.1,0,0.0,21262472.5
09:18:36 AM,63.45,0,0.0,21262472.5
09:18:37 AM,63.5,2875,182562.5,21445035.0
09:18:37 AM,63.55,0,0.0,21445035.0
09:18:38 AM,62.6,16775,1050115.0,22495150.0
09:18:40 AM,63.05,1225,77236.25,22572386.25
09:18:40 AM,63.4,0,0.0,22572386.25
09:18:41 AM,64.4,0,0.0,22572386.25
09:18:42 AM,64.2,5950,381990.0,22954376.25
09:18:43 AM,63.95,0,0.0,22954376.25
09:18:43 AM,63.6,1300,82680.0,23037056.25
09:18:44 AM,63.5,0,0.0,23037056.25
09:18:44 AM,64.05,0,0.0,23037056.25
09:18:45 AM,64.15,3225,206883.75000000003,23243940.0
09:18:46 AM,64.1,0,0.0,23243940.0
09:18:47 AM,64.1,2250,144225.0,23388165.0
09:18:48 AM,63.9,0,0.0,23388165.0
09:18:48 AM,63.4,2050,129970.0,23518135.0
09:18:49 AM,62.85,0,0.0,23518135.0
09:18:50 AM,62.45,475,29663.75,23547798.75
09:18:51 AM,62.8,0,0.0,23547798.75
09:18:52 AM,62.8,2175,136590.0,23684388.75
09:18:52 AM,62.85,0,0.0,23684388.75
09:18:53 AM,63.05,475,29948.75,23714337.5
09:18:54 AM,62.7,0,0.0,23714337.5
09:18:55 AM,62.4,525,32760.0,23747097.5
09:18:55 AM,62.85,0,0.0,23747097.5
09:18:56 AM,63.35,0,0.0,23747097.5
09:18:57 AM,63.05,1325,83541.25,23830638.75
09:18:58 AM,63.15,0,0.0,23830638.75
09:18:58 AM,63.55,900,57195.0,23887833.75
09:18:59 AM,63.65,0,0.0,23887833.75
09:19:00 AM,64.35,2550,164092.5,24051926.25
09:19:01 AM,64.2,0,0.0,24051926.25
09:19:01 AM,64.65,0,0.0,24051926.25
09:19:02 AM,64.5,1900,122550.0,24174476.25
09:19:02 AM,64.65,0,0.0,24174476.25
09:19:03 AM,64.7,450,29115.0,24203591.25
09:19:05 AM,64.45,0,0.0,24203591.25
09:19:05 AM,63.6,3500,222600.0,24426191.25
09:19:05 AM,63.95,0,0.0,24426191.25
09:19:06 AM,64.1,0,0.0,24426191.25
09:19:07 AM,64.1,1200,76920.0,24503111.25
09:19:07 AM,63.95,0,0.0,24503111.25
09:19:08 AM,64.65,750,48487.50000000001,24551598.75
09:19:09 AM,64.3,0,0.0,24551598.75
09:19:10 AM,63.8,4850,309430.0,24861028.75
09:19:11 AM,63.75,0,0.0,24861028.75
09:19:12 AM,64.45,2575,165958.75,25026987.5
09:19:13 AM,64.9,0,0.0,25026987.5
09:19:13 AM,64.9,1575,102217.50000000001,25129205.0
09:19:14 AM,64.7,0,0.0,25129205.0
09:19:15 AM,64.45,225,14501.25,25143706.25
09:19:15 AM,64.2,0,0.0,25143706.25
09:19:16 AM,64.25,0,0.0,25143706.25
09:19:17 AM,64.25,650,41762.5,25185468.75
09:19:18 AM,64.0,0,0.0,25185468.75
09:19:18 AM,63.75,0,0.0,25185468.75
09:19:19 AM,63.75,975,62156.25,25247625.0
09:19:19 AM,63.5,0,0.0,25247625.0
09:19:20 AM,64.5,2000,129000.0,25376625.0
09:19:20 AM,64.9,0,0.0,25376625.0
09:19:22 AM,64.35,0,0.0,25376625.0
09:19:22 AM,64.35,1450,93307.49999999999,25469932.5
09:19:22 AM,63.9,0,0.0,25469932.5
09:19:23 AM,64.2,0,0.0,25469932.5
09:19:24 AM,64.2,625,40125.0,25510057.5
09:19:24 AM,63.9,0,0.0,25510057.5
09:19:25 AM,64.95,1700,110415.0,25620472.5
09:19:26 AM,65.15,0,0.0,25620472.5
09:19:26 AM,65.2,0,0.0,25620472.5
09:19:27 AM,65.2,1100,71720.0,25692192.5
09:19:28 AM,64.65,0,0.0,25692192.5
09:19:29 AM,64.65,1225,79196.25,25771388.75
09:19:30 AM,65.35,0,0.0,25771388.75
09:19:30 AM,64.55,1075,69391.25,25840780.0
09:19:31 AM,64.35,0,0.0,25840780.0
09:19:32 AM,65.05,0,0.0,25840780.0
09:19:32 AM,65.05,350,22767.5,25863547.5
09:19:33 AM,64.65,0,0.0,25863547.5
09:19:34 AM,65.45,0,0.0,25863547.5
09:19:34 AM,65.45,975,63813.75,25927361.25
09:19:35 AM,66.15,0,0.0,25927361.25
09:19:35 AM,66.3,225,14917.5,25942278.75
09:19:37 AM,66.15,0,0.0,25942278.75
09:19:37 AM,66.15,200,13230.000000000002,25955508.75
09:19:38 AM,66.1,0,0.0,25955508.75
09:19:39 AM,66.1,1925,127242.49999999999,26082751.25
09:19:40 AM,65.7,0,0.0,26082751.25
09:19:40 AM,65.95,700,46165.0,26128916.25
09:19:41 AM,66.1,0,0.0,26128916.25
09:19:42 AM,65.95,0,0.0,26128916.25
09:19:42 AM,66.05,1000,66050.0,26194966.25
09:19:43 AM,65.9,0,0.0,26194966.25
09:19:44 AM,66.6,0,0.0,26194966.25
09:19:44 AM,66.55,15550,1034852.5,27229818.75
09:19:45 AM,67.1,0,0.0,27229818.75
09:19:45 AM,67.55,2925,197583.75,27427402.5
09:19:46 AM,67.2,0,0.0,27427402.5
09:19:47 AM,67.35,0,0.0,27427402.5
09:19:47 AM,67.35,575,38726.25,27466128.75
09:19:48 AM,67.05,0,0.0,27466128.75
09:19:49 AM,66.8,0,0.0,27466128.75
09:19:49 AM,66.8,2450,163660.0,27629788.75
09:19:50 AM,66.35,0,0.0,27629788.75
09:19:50 AM,66.75,1625,108468.75,27738257.5
09:19:51 AM,66.55,0,0.0,27738257.5
09:19:52 AM,66.95,0,0.0,27738257.5
09:19:52 AM,66.95,200,13390.0,27751647.5
09:19:53 AM,66.55,0,0.0,27751647.5
09:19:54 AM,67.15,0,0.0,27751647.5
09:19:54 AM,67.15,150,10072.5,27761720.0
09:19:55 AM,67.0,0,0.0,27761720.0
09:19:55 AM,67.4,1450,97730.00000000001,27859450.0
09:19:56 AM,67.25,0,0.0,27859450.0
09:19:57 AM,67.2,0,0.0,27859450.0
09:19:57 AM,67.2,425,28560.0,27888010.0
09:19:58 AM,67.1,0,0.0,27888010.0
09:19:59 AM,66.6,0,0.0,27888010.0
09:19:59 AM,66.6,1275,84915.0,27972925.0
09:20:00 AM,67.5,0,0.0,27972925.0
09:20:00 AM,67.85,6975,473253.74999999994,28446178.75
09:20:01 AM,67.7,0,0.0,28446178.75
09:20:02 AM,67.8,0,0.0,28446178.75
09:20:02 AM,67.8,6000,406800.0,28852978.75
09:20:03 AM,67.45,0,0.0,28852978.75
09:20:04 AM,67.8,2500,169500.0,29022478.75
09:20:04 AM,67.85,0,0.0,29022478.75
09:20:05 AM,67.7,0,0.0,29022478.75
09:20:05 AM,67.5,2150,145125.0,29167603.75
09:20:07 AM,67.55,0,0.0,29167603.75
09:20:07 AM,67.3,2600,174980.0,29342583.75
09:20:08 AM,67.45,0,0.0,29342583.75
09:20:09 AM,67.1,0,0.0,29342583.75
09:20:09 AM,67.1,850,57034.99999999999,29399618.75
09:20:10 AM,68.05,0,0.0,29399618.75
09:20:10 AM,68.65,12700,871855.0000000001,30271473.75
09:20:11 AM,68.45,0,0.0,30271473.75
09:20:12 AM,68.1,0,0.0,30271473.75
09:20:12 AM,67.7,1725,116782.5,30388256.25
09:20:13 AM,67.55,0,0.0,30388256.25
09:20:14 AM,67.2,2250,151200.0,30539456.25
09:20:14 AM,67.25,0,0.0,30539456.25
09:20:15 AM,66.8,0,0.0,30539456.25
09:20:15 AM,66.7,1200,80040.0,30619496.25
09:20:17 AM,67.15,0,0.0,30619496.25
09:20:17 AM,66.75,500,33375.0,30652871.25
09:20:18 AM,67.1,0,0.0,30652871.25
09:20:19 AM,67.25,0,0.0,30652871.25
09:20:19 AM,67.25,1400,94150.0,30747021.25
09:20:20 AM,67.5,0,0.0,30747021.25
09:20:20 AM,67.65,825,55811.25000000001,30802832.5
09:20:21 AM,67.95,0,0.0,30802832.5
09:20:22 AM,68.05,0,0.0,30802832.5
09:20:22 AM,68.3,400,27320.0,30830152.5
09:20:23 AM,68.25,725,49481.25,30879633.75
09:20:24 AM,68.35,0,0.0,30879633.75
09:20:25 AM,69.05,0,0.0,30879633.75
09:20:25 AM,69.0,4075,281175.0,31160808.75
09:20:26 AM,69.1,0,0.0,31160808.75
09:20:27 AM,69.25,0,0.0,31160808.75
09:20:27 AM,69.15,2700,186705.00000000003,31347513.75
09:20:28 AM,68.8,0,0.0,31347513.75
09:20:28 AM,69.05,1925,132921.25,31480435.0
09:20:30 AM,68.4,0,0.0,31480435.0
09:20:30 AM,67.85,1025,69546.25,31549981.25
09:20:31 AM,67.65,0,0.0,31549981.25
09:20:32 AM,67.45,0,0.0,31549981.25
09:20:32 AM,67.3,1150,77395.0,31627376.25
09:20:33 AM,67.1,0,0.0,31627376.25
09:20:33 AM,67.5,1025,69187.5,31696563.75
09:20:35 AM,68.1,0,0.0,31696563.75
09:20:35 AM,68.05,225,15311.25,31711875.0
09:20:36 AM,67.85,0,0.0,31711875.0
09:20:37 AM,67.7,975,66007.5,31777882.5
09:20:38 AM,67.05,0,0.0,31777882.5
09:20:38 AM,67.45,1125,75881.25,31853763.75
09:20:39 AM,67.15,0,0.0,31853763.75
09:20:40 AM,66.75,0,0.0,31853763.75
09:20:40 AM,66.8,600,40080.0,31893843.75
09:20:41 AM,67.3,0,0.0,31893843.75
09:20:42 AM,67.8,0,0.0,31893843.75
09:20:42 AM,67.65,1400,94710.00000000001,31988553.75
09:20:43 AM,68.0,0,0.0,31988553.75
09:20:43 AM,67.95,3525,239523.75,32228077.5
09:20:44 AM,68.15,0,0.0,32228077.5
09:20:45 AM,68.25,0,0.0,32228077.5
09:20:45 AM,67.95,575,39071.25,32267148.75
09:20:46 AM,68.0,0,0.0,32267148.75
09:20:47 AM,67.3,0,0.0,32267148.75
09:20:47 AM,67.3,325,21872.5,32289021.25
09:20:48 AM,66.75,0,0.0,32289021.25
09:20:48 AM,67.25,225,15131.25,32304152.5
09:20:50 AM,67.25,200,13450.0,32317602.5
09:20:51 AM,67.05,0,0.0,32317602.5
09:20:52 AM,67.25,0,0.0,32317602.5
09:20:52 AM,67.7,500,33850.0,32351452.5
09:20:53 AM,67.65,0,0.0,32351452.5
09:20:53 AM,68.05,825,56141.25,32407593.75
09:20:54 AM,67.65,0,0.0,32407593.75
09:20:55 AM,68.2,0,0.0,32407593.75
09:20:55 AM,68.4,1475,100890.00000000001,32508483.75
09:20:57 AM,68.45,0,0.0,32508483.75
09:20:57 AM,68.15,275,18741.25,32527225.0
09:20:58 AM,67.85,0,0.0,32527225.0
09:20:58 AM,67.6,1100,74360.0,32601585.0
09:21:00 AM,67.35,0,0.0,32601585.0
09:21:00 AM,67.35,850,57247.49999999999,32658832.5
09:21:01 AM,67.1,0,0.0,32658832.5
09:21:02 AM,68.2,900,61380.0,32720212.5
09:21:03 AM,67.85,0,0.0,32720212.5
09:21:03 AM,67.85,150,10177.5,32730390.0
09:21:04 AM,68.65,0,0.0,32730390.0
09:21:05 AM,68.6,0,0.0,32730390.0
09:21:05 AM,68.75,2325,159843.75,32890233.75
09:21:06 AM,68.3,0,0.0,32890233.75
09:21:07 AM,67.85,0,0.0,32890233.75
09:21:07 AM,67.85,1800,122129.99999999999,33012363.75
09:21:08 AM,67.65,0,0.0,33012363.75
09:21:08 AM,67.65,500,33825.0,33046188.75
09:21:09 AM,67.25,0,0.0,33046188.75
09:21:10 AM,67.45,0,0.0,33046188.75
09:21:10 AM,67.45,300,20235.0,33066423.75
09:21:11 AM,67.25,0,0.0,33066423.75
09:21:12 AM,67.8,0,0.0,33066423.75
09:21:12 AM,67.8,1125,76275.0,33142698.75
09:21:13 AM,67.55,0,0.0,33142698.75
09:21:13 AM,67.55,50,3377.5,33146076.25
09:21:14 AM,67.8,0,0.0,33146076.25
09:21:15 AM,67.95,0,0.0,33146076.25
09:21:15 AM,67.95,100,6795.0,33152871.25
09:21:16 AM,67.5,0,0.0,33152871.25
09:21:17 AM,68.3,600,40980.0,33193851.25
09:21:18 AM,68.25,0,0.0,33193851.25
09:21:18 AM,68.75,2175,149531.25,33343382.5
09:21:19 AM,68.5,0,0.0,33343382.5
09:21:20 AM,68.75,0,0.0,33343382.5
09:21:20 AM,68.9,2375,163637.5,33507020.0
09:21:21 AM,69.3,0,0.0,33507020.0
09:21:22 AM,69.1,0,0.0,33507020.0
09:21:22 AM,69.1,1175,81192.5,33588212.5
09:21:23 AM,69.3,0,0.0,33588212.5
09:21:23 AM,69.2,550,38060.0,33626272.5
09:21:24 AM,68.55,0,0.0,33626272.5
09:21:25 AM,68.5,0,0.0,33626272.5
09:21:25 AM,68.7,475,32632.5,33658905.0
09:21:27 AM,68.5,350,23975.0,33682880.0
09:21:28 AM,69.0,0,0.0,33682880.0
09:21:28 AM,69.0,475,32775.0,33715655.0
09:21:30 AM,68.7,0,0.0,33715655.0
09:21:30 AM,68.7,125,8587.5,33724242.5
09:21:31 AM,68.45,0,0.0,33724242.5
09:21:32 AM,67.9,1000,67900.0,33792142.5
09:21:32 AM,67.8,0,0.0,33792142.5
09:21:33 AM,67.7,0,0.0,33792142.5
09:21:33 AM,67.85,125,8481.25,33800623.75
09:21:34 AM,67.9,0,0.0,33800623.75
09:21:35 AM,68.4,550,37620.0,33838243.75
09:21:36 AM,69.0,0,0.0,33838243.75
09:21:37 AM,68.6,850,58309.99999999999,33896553.75
09:21:37 AM,68.9,0,0.0,33896553.75
09:21:38 AM,69.0,0,0.0,33896553.75
09:21:38 AM,69.0,275,18975.0,33915528.75
09:21:39 AM,69.3,0,0.0,33915528.75
09:21:40 AM,68.85,0,0.0,33915528.75
09:21:40 AM,68.85,375,25818.749999999996,33941347.5
09:21:41 AM,69.05,0,0.0,33941347.5
09:21:42 AM,68.95,375,25856.25,33967203.75
09:21:42 AM,68.6,0,0.0,33967203.75
09:21:43 AM,68.7,0,0.0,33967203.75
09:21:43 AM,68.6,1100,75460.0,34042663.75
09:21:45 AM,68.95,0,0.0,34042663.75
09:21:45 AM,68.95,825,56883.75,34099547.5
09:21:46 AM,68.5,0,0.0,34099547.5
09:21:47 AM,68.45,250,17112.5,34116660.0
09:21:48 AM,69.0,0,0.0,34116660.0
09:21:48 AM,69.0,275,18975.0,34135635.0
09:21:49 AM,69.1,0,0.0,34135635.0
09:21:50 AM,69.1,50,3454.9999999999995,34139090.0
09:21:50 AM,68.6,0,0.0,34139090.0
09:21:51 AM,68.75,0,0.0,34139090.0
09:21:52 AM,68.65,225,15446.250000000002,34154536.25
09:21:53 AM,68.6,0,0.0,34154536.25
09:21:53 AM,68.6,1250,85750.0,34240286.25
09:21:54 AM,68.4,0,0.0,34240286.25
09:21:55 AM,68.7,5250,360675.0,34600961.25
09:21:56 AM,68.8,0,0.0,34600961.25
09:21:57 AM,68.8,1300,89440.0,34690401.25
09:21:58 AM,69.05,0,0.0,34690401.25
09:21:58 AM,69.05,175,12083.75,34702485.0
09:21:59 AM,69.7,0,0.0,34702485.0
09:22:00 AM,70.2,1450,101790.0,34804275.0
09:22:00 AM,70.05,0,0.0,34804275.0
09:22:01 AM,70.5,0,0.0,34804275.0
09:22:02 AM,70.05,1950,136597.5,34940872.5
09:22:02 AM,69.95,0,0.0,34940872.5
09:22:03 AM,70.9,0,0.0,34940872.5
09:22:03 AM,70.4,3550,249920.00000000003,35190792.5
09:22:04 AM,70.5,0,0.0,35190792.5
09:22:05 AM,70.2,0,0.0,35190792.5
09:22:05 AM,70.2,750,52650.0,35243442.5
09:22:06 AM,70.05,0,0.0,35243442.5
09:22:07 AM,69.65,1350,94027.50000000001,35337470.0
09:22:08 AM,69.9,0,0.0,35337470.0
09:22:08 AM,70.15,175,12276.250000000002,35349746.25
09:22:10 AM,70.0,0,0.0,35349746.25
09:22:10 AM,69.9,150,10485.0,35360231.25
09:22:12 AM,69.65,800,55720.00000000001,35415951.25
09:22:12 AM,69.7,0,0.0,35415951.25
09:22:13 AM,70.0,0,0.0,35415951.25
09:22:13 AM,70.45,3550,250097.5,35666048.75
09:22:14 AM,70.05,0,0.0,35666048.75
09:22:15 AM,70.25,500,35125.0,35701173.75
09:22:16 AM,70.45,0,0.0,35701173.75
09:22:16 AM,69.7,1300,90610.0,35791783.75
09:22:18 AM,69.15,0,0.0,35791783.75
09:22:18 AM,69.3,3100,214830.0,36006613.75
09:22:19 AM,69.6,0,0.0,36006613.75
09:22:20 AM,69.1,225,15547.499999999998,36022161.25
09:22:21 AM,69.4,0,0.0,36022161.25
09:22:21 AM,70.0,725,50750.0,36072911.25
09:22:22 AM,70.2,0,0.0,36072911.25
09:22:23 AM,69.95,0,0.0,36072911.25
09:22:23 AM,69.95,700,48965.0,36121876.25
09:22:24 AM,69.85,0,0.0,36121876.25
09:22:25 AM,69.3,0,0.0,36121876.25
09:22:25 AM,69.3,550,38115.0,36159991.25
09:22:26 AM,68.7,0,0.0,36159991.25
09:22:26 AM,68.5,1375,94187.5,36254178.75
09:22:28 AM,69.9,0,0.0,36254178.75
09:22:28 AM,69.85,200,13969.999999999998,36268148.75
09:22:29 AM,70.0,0,0.0,36268148.75
09:22:30 AM,70.0,575,40250.0,36308398.75
09:22:31 AM,69.95,0,0.0,36308398.75
09:22:31 AM,70.0,1175,82250.0,36390648.75
09:22:33 AM,70.3,0,0.0,36390648.75
09:22:33 AM,70.3,9825,690697.5,37081346.25
09:22:34 AM,70.05,0,0.0,37081346.25
09:22:34 AM,70.05,250,17512.5,37098858.75
09:22:35 AM,69.25,0,0.0,37098858.75
09:22:36 AM,68.85,0,0.0,37098858.75
09:22:36 AM,68.65,325,22311.250000000004,37121170.0
09:22:37 AM,68.8,0,0.0,37121170.0
09:22:38 AM,68.95,0,0.0,37121170.0
09:22:38 AM,68.95,475,32751.25,37153921.25
09:22:39 AM,68.7,0,0.0,37153921.25
09:22:39 AM,68.5,550,37675.0,37191596.25
09:22:41 AM,68.85,0,0.0,37191596.25
09:22:41 AM,68.85,275,18933.75,37210530.0
09:22:42 AM,69.35,0,0.0,37210530.0
09:22:43 AM,69.35,400,27739.999999999996,37238270.0
09:22:43 AM,69.7,0,0.0,37238270.0
09:22:44 AM,70.0,0,0.0,37238270.0
09:22:44 AM,70.0,275,19250.0,37257520.0
09:22:45 AM,70.05,0,0.0,37257520.0
09:22:46 AM,69.8,0,0.0,37257520.0
09:22:46 AM,69.7,150,10455.0,37267975.0
09:22:48 AM,69.85,0,0.0,37267975.0
09:22:48 AM,69.85,175,12223.749999999998,37280198.75
09:22:49 AM,70.2,0,0.0,37280198.75
09:22:49 AM,70.0,250,17500.0,37297698.75
09:22:51 AM,70.1,0,0.0,37297698.75
09:22:51 AM,70.1,2050,143705.0,37441403.75
09:22:52 AM,70.45,0,0.0,37441403.75
09:22:53 AM,70.6,0,0.0,37441403.75
09:22:53 AM,70.6,350,24709.999999999996,37466113.75
09:22:54 AM,71.45,0,0.0,37466113.75
09:22:54 AM,71.2,3325,236740.0,37702853.75
09:22:55 AM,71.0,0,0.0,37702853.75
09:22:56 AM,71.25,0,0.0,37702853.75
09:22:56 AM,71.25,1075,76593.75,37779447.5
09:22:57 AM,71.45,0,0.0,37779447.5
09:22:58 AM,72.0,0,0.0,37779447.5
09:22:58 AM,72.05,6550,471927.5,38251375.0
09:22:59 AM,72.45,975,70638.75,38322013.75
09:23:00 AM,71.9,0,0.0,38322013.75
09:23:01 AM,72.6,0,0.0,38322013.75
09:23:01 AM,72.6,1850,134310.0,38456323.75
09:23:02 AM,72.95,0,0.0,38456323.75
09:23:02 AM,72.25,2000,144500.0,38600823.75
09:23:03 AM,72.6,0,0.0,38600823.75
09:23:04 AM,72.3,0,0.0,38600823.75
09:23:04 AM,72.2,1275,92055.0,38692878.75
09:23:05 AM,71.9,0,0.0,38692878.75
09:23:06 AM,72.5,0,0.0,38692878.75
09:23:06 AM,72.25,2125,153531.25,38846410.0
09:23:07 AM,71.8,0,0.0,38846410.0
09:23:07 AM,72.4,775,56110.00000000001,38902520.0
09:23:09 AM,72.65,1150,83547.5,38986067.5
09:23:10 AM,72.9,0,0.0,38986067.5
09:23:11 AM,72.2,0,0.0,38986067.5
09:23:11 AM,72.4,950,68780.0,39054847.5
09:23:12 AM,72.0,0,0.0,39054847.5
09:23:12 AM,71.85,225,16166.249999999998,39071013.75
09:23:13 AM,72.15,0,0.0,39071013.75
09:23:14 AM,72.1,0,0.0,39071013.75
09:23:14 AM,72.05,1575,113478.75,39184492.5
09:23:15 AM,72.25,0,0.0,39184492.5
09:23:16 AM,71.65,0,0.0,39184492.5
09:23:16 AM,71.65,975,69858.75,39254351.25
09:23:17 AM,71.7,0,0.0,39254351.25
09:23:17 AM,71.75,3375,242156.25,39496507.5
09:23:18 AM,71.85,0,0.0,39496507.5
09:23:19 AM,71.7,0,0.0,39496507.5
09:23:19 AM,71.7,1575,112927.5,39609435.0
09:23:20 AM,71.2,0,0.0,39609435.0
09:23:21 AM,71.6,575,41170.0,39650605.0
09:23:22 AM,71.95,0,0.0,39650605.0
09:23:22 AM,71.0,2000,142000.0,39792605.0
09:23:23 AM,71.25,0,0.0,39792605.0
09:23:24 AM,71.7,350,25095.0,39817700.0
09:23:25 AM,71.7,75,5377.5,39823077.5
09:23:26 AM,71.9,0,0.0,39823077.5
09:23:27 AM,72.25,0,0.0,39823077.5
09:23:27 AM,72.1,600,43260.0,39866337.5
09:23:29 AM,72.5,0,0.0,39866337.5
09:23:29 AM,72.5,125,9062.5,39875400.0
09:23:30 AM,71.75,0,0.0,39875400.0
09:23:30 AM,71.6,800,57279.99999999999,39932680.0
09:23:31 AM,71.45,0,0.0,39932680.0
09:23:32 AM,71.2,0,0.0,39932680.0
09:23:32 AM,71.2,1600,113920.0,40046600.0
09:23:33 AM,71.5,0,0.0,40046600.0
09:23:34 AM,71.5,725,51837.5,40098437.5
09:23:35 AM,71.75,0,0.0,40098437.5
09:23:35 AM,71.15,2050,145857.5,40244295.0
09:23:37 AM,71.05,0,0.0,40244295.0
09:23:37 AM,71.05,1325,94141.25,40338436.25
09:23:38 AM,70.95,0,0.0,40338436.25
09:23:39 AM,71.45,0,0.0,40338436.25
09:23:39 AM,71.45,450,32152.5,40370588.75
09:23:40 AM,70.65,0,0.0,40370588.75
09:23:40 AM,70.3,125,8787.5,40379376.25
09:23:41 AM,70.4,0,0.0,40379376.25
09:23:42 AM,70.35,0,0.0,40379376.25
09:23:42 AM,69.35,3550,246192.49999999997,40625568.75
09:23:43 AM,69.3,0,0.0,40625568.75
09:23:44 AM,68.4,2975,203490.00000000003,40829058.75
09:23:44 AM,68.3,0,0.0,40829058.75
09:23:45 AM,67.85,0,0.0,40829058.75
09:23:46 AM,67.05,3050,204502.5,41033561.25
09:23:46 AM,67.3,0,0.0,41033561.25
09:23:47 AM,66.9,0,0.0,41033561.25
09:23:47 AM,66.95,2150,143942.5,41177503.75
09:23:48 AM,67.35,0,0.0,41177503.75
09:23:49 AM,67.55,0,0.0,41177503.75
09:23:49 AM,67.55,2200,148610.0,41326113.75
09:23:50 AM,68.0,0,0.0,41326113.75
09:23:50 AM,68.0,2725,185300.0,41511413.75
09:23:51 AM,68.15,0,0.0,41511413.75
09:23:52 AM,68.5,0,0.0,41511413.75
09:23:52 AM,68.5,175,11987.5,41523401.25
09:23:53 AM,68.2,0,0.0,41523401.25
09:23:54 AM,68.35,0,0.0,41523401.25
09:23:54 AM,68.35,225,15378.749999999998,41538780.0
09:23:55 AM,67.7,0,0.0,41538780.0
09:23:55 AM,67.65,250,16912.5,41555692.5
09:23:56 AM,67.5,0,0.0,41555692.5
09:23:57 AM,67.95,0,0.0,41555692.5
09:23:57 AM,68.55,2100,143955.0,41699647.5
09:23:58 AM,68.8,0,0.0,41699647.5
09:23:59 AM,68.8,1100,75680.0,41775327.5
09:23:59 AM,69.0,0,0.0,41775327.5
09:24:00 AM,69.35,0,0.0,41775327.5
09:24:00 AM,69.25,1875,129843.75,41905171.25
09:24:01 AM,69.05,0,0.0,41905171.25
09:24:02 AM,69.85,0,0.0,41905171.25
09:24:02 AM,69.85,3100,216534.99999999997,42121706.25
09:24:03 AM,70.2,0,0.0,42121706.25
09:24:04 AM,70.25,400,28100.0,42149806.25
09:24:05 AM,70.55,0,0.0,42149806.25
09:24:05 AM,70.75,1325,93743.75,42243550.0
09:24:06 AM,70.6,0,0.0,42243550.0
09:24:07 AM,70.5,125,8812.5,42252362.5
09:24:08 AM,70.15,0,0.0,42252362.5
09:24:09 AM,70.25,850,59712.5,42312075.0
09:24:10 AM,69.85,0,0.0,42312075.0
09:24:10 AM,69.85,225,15716.249999999998,42327791.25
09:24:11 AM,69.7,0,0.0,42327791.25
09:24:12 AM,70.0,0,0.0,42327791.25
09:24:12 AM,70.0,325,22750.0,42350541.25
09:24:13 AM,70.05,0,0.0,42350541.25
09:24:14 AM,69.5,75,5212.5,42355753.75
09:24:15 AM,69.15,0,0.0,42355753.75
09:24:15 AM,69.15,225,15558.750000000002,42371312.5
09:24:16 AM,69.55,0,0.0,42371312.5
09:24:17 AM,69.85,0,0.0,42371312.5
09:24:17 AM,69.85,375,26193.749999999996,42397506.25
09:24:18 AM,70.75,0,0.0,42397506.25
09:24:19 AM,71.0,500,35500.0,42433006.25
09:24:20 AM,70.6,0,0.0,42433006.25
09:24:20 AM,70.55,750,52912.5,42485918.75
09:24:21 AM,70.15,0,0.0,42485918.75
09:24:22 AM,70.5,300,21150.0,42507068.75
09:24:23 AM,70.1,0,0.0,42507068.75
09:24:23 AM,70.6,875,61774.99999999999,42568843.75
09:24:25 AM,70.4,0,0.0,42568843.75
09:24:25 AM,69.9,325,22717.500000000004,42591561.25
09:24:26 AM,69.85,0,0.0,42591561.25
09:24:27 AM,70.9,19000,1347100.0,43938661.25
09:24:28 AM,71.35,0,0.0,43938661.25
09:24:28 AM,71.35,1375,98106.24999999999,44036767.5
09:24:29 AM,71.0,0,0.0,44036767.5
09:24:30 AM,71.5,2025,144787.5,44181555.0
09:24:31 AM,71.3,0,0.0,44181555.0
09:24:31 AM,71.35,500,35675.0,44217230.0
09:24:32 AM,71.3,0,0.0,44217230.0
09:24:33 AM,71.4,0,0.0,44217230.0
09:24:33 AM,71.25,1375,97968.75,44315198.75
09:24:34 AM,71.55,0,0.0,44315198.75
09:24:35 AM,71.4,2225,158865.0,44474063.75
09:24:36 AM,70.95,0,0.0,44474063.75
09:24:36 AM,70.85,2725,193066.24999999997,44667130.0
09:24:37 AM,70.95,0,0.0,44667130.0
09:24:38 AM,71.0,0,0.0,44667130.0
09:24:38 AM,71.3,350,24955.0,44692085.0
09:24:39 AM,71.6,0,0.0,44692085.0
09:24:40 AM,71.65,850,60902.50000000001,44752987.5
09:24:40 AM,71.35,0,0.0,44752987.5
09:24:41 AM,71.75,0,0.0,44752987.5
09:24:41 AM,71.6,1650,118139.99999999999,44871127.5
09:24:42 AM,70.95,0,0.0,44871127.5
09:24:43 AM,70.8,0,0.0,44871127.5
09:24:43 AM,71.35,1125,80268.75,44951396.25
09:24:44 AM,71.3,0,0.0,44951396.25
09:24:45 AM,70.95,450,31927.5,44983323.75
09:24:46 AM,71.35,0,0.0,44983323.75
09:24:46 AM,71.3,900,64170.0,45047493.75
09:24:47 AM,71.85,0,0.0,45047493.75
09:24:48 AM,70.75,0,0.0,45047493.75
09:24:48 AM,70.75,550,38912.5,45086406.25
09:24:49 AM,70.55,0,0.0,45086406.25
09:24:50 AM,70.3,5575,391922.5,45478328.75
09:24:51 AM,70.4,0,0.0,45478328.75
09:24:51 AM,71.05,350,24867.5,45503196.25
09:24:53 AM,70.85,0,0.0,45503196.25
09:24:53 AM,71.1,125,8887.5,45512083.75
09:24:55 AM,71.9,275,19772.5,45531856.25
09:24:55 AM,72.0,0,0.0,45531856.25
09:24:56 AM,71.85,0,0.0,45531856.25
09:24:56 AM,72.0,2075,149400.0,45681256.25
09:24:57 AM,71.15,0,0.0,45681256.25
09:24:58 AM,71.2,0,0.0,45681256.25
09:24:58 AM,71.1,475,33772.5,45715028.75
09:24:59 AM,70.7,0,0.0,45715028.75
09:25:00 AM,70.6,525,37065.0,45752093.75
09:25:01 AM,69.9,0,0.0,45752093.75
09:25:01 AM,69.75,2450,170887.5,45922981.25
09:25:03 AM,70.25,0,0.0,45922981.25
09:25:03 AM,70.45,2725,191976.25,46114957.5
09:25:05 AM,70.35,3275,230396.24999999997,46345353.75
09:25:06 AM,69.95,0,0.0,46345353.75
09:25:06 AM,69.75,300,20925.0,46366278.75
09:25:08 AM,69.1,0,0.0,46366278.75
09:25:08 AM,69.1,600,41460.0,46407738.75
09:25:09 AM,69.4,0,0.0,46407738.75
09:25:09 AM,69.7,150,10455.0,46418193.75
09:25:11 AM,68.95,0,0.0,46418193.75
09:25:11 AM,69.65,1050,73132.5,46491326.25
09:25:12 AM,69.8,0,0.0,46491326.25
09:25:13 AM,69.7,0,0.0,46491326.25
09:25:13 AM,69.6,500,34800.0,46526126.25
09:25:14 AM,69.7,0,0.0,46526126.25
09:25:14 AM,69.6,750,52199.99999999999,46578326.25
09:25:15 AM,69.3,0,0.0,46578326.25
09:25:16 AM,68.5,0,0.0,46578326.25
09:25:16 AM,68.5,14525,994962.5,47573288.75
09:25:17 AM,68.45,0,0.0,47573288.75
09:25:18 AM,68.3,0,0.0,47573288.75
09:25:18 AM,68.85,675,46473.74999999999,47619762.5
09:25:19 AM,68.35,0,0.0,47619762.5
09:25:19 AM,68.3,6975,476392.5,48096155.0
09:25:20 AM,68.35,0,0.0,48096155.0
09:25:21 AM,68.5,0,0.0,48096155.0
09:25:21 AM,68.65,975,66933.75,48163088.75
09:25:22 AM,68.05,0,0.0,48163088.75
09:25:23 AM,67.25,1100,73975.0,48237063.75
09:25:24 AM,67.0,0,0.0,48237063.75
09:25:24 AM,66.1,2575,170207.49999999997,48407271.25
09:25:25 AM,65.85,0,0.0,48407271.25
09:25:26 AM,65.6,0,0.0,48407271.25
09:25:26 AM,65.8,10275,676095.0,49083366.25
09:25:27 AM,65.9,0,0.0,49083366.25
09:25:28 AM,66.0,725,47850.0,49131216.25
09:25:29 AM,66.45,1700,112965.0,49244181.25
09:25:30 AM,67.3,0,0.0,49244181.25
09:25:31 AM,67.4,0,0.0,49244181.25
09:25:31 AM,67.4,2650,178610.00000000003,49422791.25
09:25:32 AM,67.2,0,0.0,49422791.25
09:25:33 AM,67.2,400,26880.0,49449671.25
09:25:33 AM,67.15,0,0.0,49449671.25
09:25:34 AM,67.6,0,0.0,49449671.25
09:25:34 AM,67.6,1600,108159.99999999999,49557831.25
09:25:35 AM,67.75,0,0.0,49557831.25
09:25:36 AM,68.0,0,0.0,49557831.25
09:25:36 AM,68.25,975,66543.75,49624375.0
09:25:38 AM,68.3,75,5122.5,49629497.5
09:25:39 AM,68.25,0,0.0,49629497.5
09:25:39 AM,68.25,225,15356.25,49644853.75
09:25:40 AM,68.45,0,0.0,49644853.75
09:25:41 AM,68.0,1525,103700.0,49748553.75
09:25:42 AM,67.35,0,0.0,49748553.75
09:25:43 AM,67.95,925,62853.75,49811407.5
09:25:44 AM,68.25,0,0.0,49811407.5
09:25:44 AM,68.25,325,22181.25,49833588.75
09:25:45 AM,68.5,0,0.0,49833588.75
09:25:46 AM,68.35,0,0.0,49833588.75
09:25:46 AM,68.35,325,22213.749999999996,49855802.5
09:25:47 AM,69.0,0,0.0,49855802.5
09:25:47 AM,68.3,225,15367.5,49871170.0
09:25:48 AM,68.2,0,0.0,49871170.0
09:25:49 AM,68.1,0,0.0,49871170.0
09:25:49 AM,68.0,1200,81600.0,49952770.0
09:25:50 AM,68.15,0,0.0,49952770.0
09:25:51 AM,68.2,725,49445.0,50002215.0
09:25:52 AM,67.65,0,0.0,50002215.0
09:25:52 AM,67.6,1300,87879.99999999999,50090095.0
09:25:53 AM,67.65,0,0.0,50090095.0
09:25:54 AM,67.6,0,0.0,50090095.0
09:25:54 AM,67.2,1125,75600.0,50165695.0
09:25:55 AM,67.3,0,0.0,50165695.0
09:25:56 AM,67.0,0,0.0,50165695.0
09:25:56 AM,66.8,1525,101870.0,50267565.0
09:25:57 AM,67.05,0,0.0,50267565.0
09:25:57 AM,67.4,700,47180.00000000001,50314745.0
09:25:58 AM,66.35,0,0.0,50314745.0
09:25:59 AM,66.45,0,0.0,50314745.0
09:25:59 AM,66.45,5525,367136.25,50681881.25
09:26:00 AM,65.8,0,0.0,50681881.25
09:26:01 AM,65.75,3325,218618.75,50900500.0
09:26:02 AM,65.55,0,0.0,50900500.0
09:26:03 AM,66.25,450,29812.5,50930312.5
09:26:03 AM,65.9,0,0.0,50930312.5
09:26:04 AM,66.1,0,0.0,50930312.5
09:26:04 AM,66.3,1325,87847.5,51018160.0
09:26:05 AM,65.6,0,0.0,51018160.0
09:26:06 AM,65.25,550,35887.5,51054047.5
09:26:07 AM,65.35,0,0.0,51054047.5
09:26:08 AM,65.8,650,42770.0,51096817.5
09:26:09 AM,65.55,0,0.0,51096817.5
09:26:09 AM,65.3,900,58770.0,51155587.5
09:26:10 AM,65.4,0,0.0,51155587.5
09:26:11 AM,65.5,1400,91700.0,51247287.5
09:26:12 AM,65.5,225,14737.5,51262025.0
09:26:13 AM,65.65,0,0.0,51262025.0
09:26:14 AM,65.45,0,0.0,51262025.0
09:26:14 AM,65.35,400,26139.999999999996,51288165.0
09:26:15 AM,65.6,0,0.0,51288165.0
09:26:16 AM,65.5,600,39300.0,51327465.0
09:26:17 AM,64.7,0,0.0,51327465.0
09:26:17 AM,64.25,2625,168656.25,51496121.25
09:26:18 AM,63.7,0,0.0,51496121.25
09:26:19 AM,63.3,5125,324412.5,51820533.75
09:26:20 AM,63.35,0,0.0,51820533.75
09:26:21 AM,63.75,3800,242250.0,52062783.75
09:26:22 AM,63.65,0,0.0,52062783.75
09:26:22 AM,64.1,5350,342934.99999999994,52405718.75
09:26:23 AM,64.05,0,0.0,52405718.75
09:26:24 AM,64.5,0,0.0,52405718.75
09:26:24 AM,64.15,350,22452.500000000004,52428171.25
09:26:25 AM,64.2,0,0.0,52428171.25
09:26:26 AM,63.95,625,39968.75,52468140.0
09:26:27 AM,64.05,0,0.0,52468140.0
09:26:27 AM,64.05,275,17613.75,52485753.75
09:26:28 AM,64.5,0,0.0,52485753.75
09:26:29 AM,64.5,75,4837.5,52490591.25
09:26:29 AM,64.7,0,0.0,52490591.25
09:26:30 AM,64.45,0,0.0,52490591.25
09:26:30 AM,64.6,1350,87209.99999999999,52577801.25
09:26:31 AM,64.3,0,0.0,52577801.25
09:26:32 AM,65.0,0,0.0,52577801.25
09:26:32 AM,64.9,1625,105462.50000000001,52683263.75
09:26:33 AM,64.5,0,0.0,52683263.75
09:26:34 AM,63.9,0,0.0,52683263.75
09:26:34 AM,63.9,625,39937.5,52723201.25
09:26:35 AM,63.45,0,0.0,52723201.25
09:26:35 AM,63.65,1850,117752.5,52840953.75
09:26:37 AM,63.8,0,0.0,52840953.75
09:26:37 AM,63.8,125,7975.0,52848928.75
09:26:38 AM,63.85,0,0.0,52848928.75
09:26:39 AM,64.2,950,60990.0,52909918.75
09:26:40 AM,63.9,0,0.0,52909918.75
09:26:40 AM,63.85,400,25540.0,52935458.75
09:26:41 AM,64.0,0,0.0,52935458.75
09:26:42 AM,63.45,0,0.0,52935458.75
09:26:42 AM,63.45,675,42828.75,52978287.5
09:26:43 AM,63.4,0,0.0,52978287.5
09:26:44 AM,64.0,275,17600.0,52995887.5
09:26:45 AM,64.5,0,0.0,52995887.5
09:26:45 AM,64.5,1775,114487.5,53110375.0
09:26:46 AM,64.6,0,0.0,53110375.0
09:26:47 AM,64.65,0,0.0,53110375.0
09:26:47 AM,64.65,250,16162.500000000002,53126537.5
09:26:48 AM,64.6,0,0.0,53126537.5
09:26:49 AM,64.3,100,6430.0,53132967.5
09:26:50 AM,63.95,0,0.0,53132967.5
09:26:50 AM,63.9,575,36742.5,53169710.0
09:26:51 AM,64.35,0,0.0,53169710.0
09:26:52 AM,64.65,0,0.0,53169710.0
09:26:52 AM,64.65,675,43638.75000000001,53213348.75
09:26:53 AM,64.9,0,0.0,53213348.75
09:26:54 AM,65.0,375,24375.0,53237723.75
09:26:55 AM,65.15,0,0.0,53237723.75
09:26:55 AM,65.65,725,47596.25000000001,53285320.0
09:26:56 AM,66.0,0,0.0,53285320.0
09:26:57 AM,65.6,0,0.0,53285320.0
09:26:57 AM,65.6,1175,77080.0,53362400.0
09:26:59 AM,65.65,0,0.0,53362400.0
09:27:00 AM,65.2,0,0.0,53362400.0
09:27:00 AM,64.8,625,40500.0,53402900.0
09:27:02 AM,65.55,0,0.0,53402900.0
09:27:02 AM,65.55,1350,88492.5,53491392.5
09:27:03 AM,64.9,0,0.0,53491392.5
09:27:03 AM,64.75,1725,111693.75,53603086.25
09:27:04 AM,64.8,0,0.0,53603086.25
09:27:05 AM,64.6,0,0.0,53603086.25
09:27:05 AM,64.6,1575,101744.99999999999,53704831.25
09:27:06 AM,65.25,0,0.0,53704831.25
09:27:07 AM,65.0,0,0.0,53704831.25
09:27:07 AM,65.0,1075,69875.0,53774706.25
09:27:08 AM,65.15,0,0.0,53774706.25
09:27:08 AM,65.25,400,26100.0,53800806.25
09:27:09 AM,65.3,0,0.0,53800806.25
09:27:10 AM,65.75,0,0.0,53800806.25
09:27:10 AM,65.95,375,24731.25,53825537.5
09:27:11 AM,66.15,0,0.0,53825537.5
09:27:12 AM,66.15,225,14883.750000000002,53840421.25
09:27:12 AM,66.5,0,0.0,53840421.25
09:27:13 AM,66.35,0,0.0,53840421.25
09:27:13 AM,66.0,1650,108900.0,53949321.25
09:27:14 AM,65.9,0,0.0,53949321.25
09:27:15 AM,65.8,0,0.0,53949321.25
09:27:15 AM,65.9,525,34597.5,53983918.75
09:27:16 AM,65.95,0,0.0,53983918.75
09:27:17 AM,66.3,250,16575.0,54000493.75
09:27:18 AM,66.15,0,0.0,54000493.75
09:27:18 AM,66.3,400,26520.0,54027013.75
09:27:19 AM,66.0,0,0.0,54027013.75
09:27:20 AM,65.95,0,0.0,54027013.75
09:27:20 AM,65.95,400,26380.0,54053393.75
09:27:21 AM,65.75,75,4931.25,54058325.0
09:27:23 AM,66.0,0,0.0,54058325.0
09:27:23 AM,66.0,125,8250.0,54066575.0
09:27:24 AM,66.2,0,0.0,54066575.0
09:27:25 AM,65.7,0,0.0,54066575.0
09:27:25 AM,65.7,2325,152752.5,54219327.5
09:27:26 AM,66.1,0,0.0,54219327.5
09:27:26 AM,65.8,1275,83895.0,54303222.5
09:27:28 AM,66.15,0,0.0,54303222.5
09:27:28 AM,65.35,250,16337.499999999998,54319560.0
09:27:29 AM,64.9,0,0.0,54319560.0
09:27:30 AM,64.6,0,0.0,54319560.0
09:27:30 AM,64.6,5375,347224.99999999994,54666785.0
09:27:31 AM,64.5,0,0.0,54666785.0
09:27:31 AM,64.6,250,16149.999999999998,54682935.0
09:27:33 AM,64.65,0,0.0,54682935.0
09:27:33 AM,65.25,250,16312.5,54699247.5
09:27:34 AM,64.8,0,0.0,54699247.5
09:27:35 AM,64.7,175,11322.5,54710570.0
09:27:36 AM,64.9,0,0.0,54710570.0
09:27:36 AM,64.9,925,60032.50000000001,54770602.5
09:27:37 AM,64.75,0,0.0,54770602.5
09:27:38 AM,64.85,0,0.0,54770602.5
09:27:38 AM,64.0,1325,84800.0,54855402.5
09:27:39 AM,64.3,0,0.0,54855402.5
09:27:40 AM,63.5,0,0.0,54855402.5
09:27:40 AM,63.5,3850,244475.0,55099877.5
09:27:41 AM,62.9,0,0.0,55099877.5
09:27:41 AM,62.75,3000,188250.0,55288127.5
09:27:42 AM,62.45,0,0.0,55288127.5
09:27:43 AM,60.95,0,0.0,55288127.5
09:27:43 AM,59.35,11750,697362.5,55985490.0
09:27:44 AM,58.35,0,0.0,55985490.0
09:27:45 AM,59.6,0,0.0,55985490.0
09:27:45 AM,59.6,11025,657090.0,56642580.0
09:27:46 AM,59.55,0,0.0,56642580.0
09:27:46 AM,59.95,3500,209825.0,56852405.0
09:27:47 AM,60.4,0,0.0,56852405.0
09:27:48 AM,60.55,0,0.0,56852405.0
09:27:48 AM,61.1,900,54990.0,56907395.0
09:27:49 AM,61.55,0,0.0,56907395.0
09:27:50 AM,61.7,425,26222.5,56933617.5
09:27:50 AM,61.3,0,0.0,56933617.5
09:27:51 AM,60.75,0,0.0,56933617.5
09:27:51 AM,61.0,1725,105225.0,57038842.5
09:27:53 AM,61.6,0,0.0,57038842.5
09:27:53 AM,61.6,275,16940.0,57055782.5
09:27:54 AM,60.75,0,0.0,57055782.5
09:27:55 AM,60.0,0,0.0,57055782.5
09:27:55 AM,60.0,5900,354000.0,57409782.5
09:27:56 AM,60.85,0,0.0,57409782.5
09:27:56 AM,60.85,225,13691.25,57423473.75
09:27:57 AM,60.65,0,0.0,57423473.75
09:27:58 AM,60.45,0,0.0,57423473.75
09:27:58 AM,61.0,325,19825.0,57443298.75
09:27:59 AM,60.95,0,0.0,57443298.75
09:28:00 AM,61.15,2700,165105.0,57608403.75
09:28:00 AM,60.9,0,0.0,57608403.75
09:28:01 AM,61.75,0,0.0,57608403.75
09:28:01 AM,62.0,1350,83700.0,57692103.75
09:28:02 AM,62.05,0,0.0,57692103.75
09:28:03 AM,61.5,0,0.0,57692103.75
09:28:03 AM,61.5,5675,349012.5,58041116.25
09:28:04 AM,61.85,0,0.0,58041116.25
09:28:05 AM,62.35,0,0.0,58041116.25
09:28:05 AM,62.35,1225,76378.75,58117495.0
09:28:06 AM,62.2,0,0.0,58117495.0
09:28:06 AM,62.05,575,35678.75,58153173.75
09:28:07 AM,61.75,0,0.0,58153173.75
09:28:08 AM,61.1,0,0.0,58153173.75
09:28:08 AM,61.35,1275,78221.25,58231395.0
09:28:09 AM,61.9,0,0.0,58231395.0
09:28:10 AM,62.3,0,0.0,58231395.0
09:28:10 AM,62.3,1125,70087.5,58301482.5
09:28:11 AM,62.2,0,0.0,58301482.5
09:28:12 AM,61.15,1325,81023.75,58382506.25
09:28:12 AM,60.7,0,0.0,58382506.25
09:28:13 AM,60.9,0,0.0,58382506.25
09:28:13 AM,61.1,1000,61100.0,58443606.25
09:28:14 AM,61.05,0,0.0,58443606.25
09:28:15 AM,61.2,0,0.0,58443606.25
09:28:15 AM,61.55,650,40007.5,58483613.75
09:28:16 AM,61.8,0,0.0,58483613.75
09:28:17 AM,61.95,2050,126997.5,58610611.25
09:28:17 AM,62.1,0,0.0,58610611.25
09:28:18 AM,62.25,0,0.0,58610611.25
09:28:18 AM,62.25,750,46687.5,58657298.75
09:28:19 AM,62.1,0,0.0,58657298.75
09:28:20 AM,62.25,0,0.0,58657298.75
09:28:20 AM,62.4,2150,134160.0,58791458.75
09:28:21 AM,62.35,0,0.0,58791458.75
09:28:22 AM,62.35,600,37410.0,58828868.75
09:28:22 AM,62.8,0,0.0,58828868.75
09:28:23 AM,62.1,0,0.0,58828868.75
09:28:23 AM,62.1,2175,135067.5,58963936.25
09:28:25 AM,61.95,0,0.0,58963936.25
09:28:25 AM,61.35,100,6135.0,58970071.25
09:28:26 AM,61.0,0,0.0,58970071.25
09:28:27 AM,61.05,1025,62576.25,59032647.5
09:28:28 AM,61.05,25,1526.25,59034173.75
09:28:29 AM,61.45,0,0.0,59034173.75
09:28:30 AM,61.35,0,0.0,59034173.75
09:28:30 AM,61.35,175,10736.25,59044910.0
09:28:31 AM,61.2,0,0.0,59044910.0
09:28:32 AM,60.85,475,28903.75,59073813.75
09:28:32 AM,61.55,0,0.0,59073813.75
09:28:33 AM,61.7,0,0.0,59073813.75
09:28:33 AM,61.45,1000,61450.0,59135263.75
09:28:34 AM,61.55,0,0.0,59135263.75
09:28:35 AM,61.8,0,0.0,59135263.75
09:28:35 AM,60.55,375,22706.25,59157970.0
09:28:36 AM,60.5,0,0.0,59157970.0
09:28:37 AM,60.75,225,13668.75,59171638.75
09:28:37 AM,61.25,0,0.0,59171638.75
09:28:38 AM,61.0,2100,128100.0,59299738.75
09:28:39 AM,60.65,0,0.0,59299738.75
09:28:40 AM,61.6,0,0.0,59299738.75
09:28:40 AM,61.6,150,9240.0,59308978.75
09:28:41 AM,60.75,0,0.0,59308978.75
09:28:42 AM,61.05,1050,64102.5,59373081.25
09:28:42 AM,60.8,0,0.0,59373081.25
09:28:43 AM,61.05,0,0.0,59373081.25
09:28:43 AM,61.3,100,6130.0,59379211.25
09:28:44 AM,61.0,0,0.0,59379211.25
09:28:45 AM,61.65,100,6165.0,59385376.25
09:28:46 AM,61.5,0,0.0,59385376.25
09:28:46 AM,61.75,3475,214581.25,59599957.5
09:28:47 AM,61.65,0,0.0,59599957.5
09:28:48 AM,61.65,75,4623.75,59604581.25
09:28:49 AM,61.7,0,0.0,59604581.25
09:28:50 AM,61.2,1025,62730.0,59667311.25
09:28:51 AM,61.5,0,0.0,59667311.25
09:28:51 AM,61.5,100,6150.0,59673461.25
09:28:52 AM,61.2,0,0.0,59673461.25
09:28:53 AM,60.35,0,0.0,59673461.25
09:28:53 AM,60.35,4200,253470.0,59926931.25
09:28:54 AM,60.0,0,0.0,59926931.25
09:28:55 AM,59.5,4175,248412.5,60175343.75
09:28:56 AM,59.95,0,0.0,60175343.75
09:28:56 AM,60.1,3725,223872.5,60399216.25
09:28:57 AM,60.6,0,0.0,60399216.25
09:28:58 AM,60.3,0,0.0,60399216.25
09:28:58 AM,59.9,1025,61397.5,60460613.75
09:28:59 AM,60.25,0,0.0,60460613.75
09:29:00 AM,59.95,1100,65945.0,60526558.75
09:29:00 AM,59.7,0,0.0,60526558.75
09:29:01 AM,60.6,0,0.0,60526558.75
09:29:01 AM,60.6,1375,83325.0,60609883.75
09:29:02 AM,60.45,0,0.0,60609883.75
09:29:03 AM,59.85,850,50872.5,60660756.25
09:29:04 AM,60.1,0,0.0,60660756.25
09:29:05 AM,60.3,375,22612.5,60683368.75
09:29:05 AM,59.7,0,0.0,60683368.75
09:29:06 AM,59.65,0,0.0,60683368.75
09:29:06 AM,59.5,825,49087.5,60732456.25
09:29:07 AM,59.4,0,0.0,60732456.25
09:29:08 AM,59.15,6850,405177.5,61137633.75
09:29:09 AM,58.7,0,0.0,61137633.75
09:29:10 AM,57.8,7675,443615.0,61581248.75
09:29:10 AM,57.75,0,0.0,61581248.75
09:29:11 AM,57.85,0,0.0,61581248.75
09:29:11 AM,58.2,2175,126585.0,61707833.75
09:29:12 AM,58.1,0,0.0,61707833.75
09:29:13 AM,57.65,0,0.0,61707833.75
09:29:13 AM,57.85,1250,72312.5,61780146.25
09:29:14 AM,58.0,0,0.0,61780146.25
09:29:15 AM,57.9,375,21712.5,61801858.75
09:29:16 AM,57.65,0,0.0,61801858.75
09:29:16 AM,57.55,4775,274801.25,62076660.0
09:29:17 AM,57.7,0,0.0,62076660.0
09:29:18 AM,57.85,0,0.0,62076660.0
09:29:18 AM,57.85,1925,111361.25,62188021.25
09:29:19 AM,57.35,0,0.0,62188021.25
09:29:20 AM,57.6,1075,61920.0,62249941.25
09:29:21 AM,57.85,0,0.0,62249941.25
09:29:21 AM,58.35,775,45221.25,62295162.5
09:29:22 AM,58.5,0,0.0,62295162.5
09:29:23 AM,58.5,1250,73125.0,62368287.5
09:29:24 AM,58.7,0,0.0,62368287.5
09:29:25 AM,58.3,300,17490.0,62385777.5
09:29:26 AM,58.35,0,0.0,62385777.5
09:29:26 AM,58.65,350,20527.5,62406305.0
09:29:28 AM,59.55,650,38707.5,62445012.5
09:29:29 AM,60.1,0,0.0,62445012.5
09:29:30 AM,59.6,3650,217540.0,62662552.5
09:29:30 AM,59.5,0,0.0,62662552.5
09:29:31 AM,59.3,0,0.0,62662552.5
09:29:31 AM,59.45,1525,90661.25,62753213.75
09:29:32 AM,59.7,0,0.0,62753213.75
09:29:33 AM,59.35,1225,72703.75,62825917.5
09:29:34 AM,59.1,0,0.0,62825917.5
09:29:34 AM,59.25,1050,62212.5,62888130.0
09:29:36 AM,59.3,0,0.0,62888130.0
09:29:36 AM,59.3,500,29650.0,62917780.0
09:29:37 AM,58.9,0,0.0,62917780.0
09:29:38 AM,58.55,75,4391.25,62922171.25
09:29:39 AM,57.7,0,0.0,62922171.25
09:29:39 AM,57.7,325,18752.5,62940923.75
09:29:41 AM,57.55,0,0.0,62940923.75
09:29:41 AM,57.55,125,7193.75,62948117.5
09:29:43 AM,57.7,250,14425.0,62962542.5
09:29:43 AM,57.9,0,0.0,62962542.5
09:29:44 AM,58.2,0,0.0,62962542.5
09:29:44 AM,58.25,1275,74268.75,63036811.25
09:29:45 AM,57.75,0,0.0,63036811.25
09:29:46 AM,58.0,700,40600.0,63077411.25
09:29:46 AM,58.05,0,0.0,63077411.25
09:29:47 AM,57.55,0,0.0,63077411.25
09:29:47 AM,57.6,400,23040.0,63100451.25
09:29:48 AM,57.85,0,0.0,63100451.25
09:29:49 AM,58.0,0,0.0,63100451.25
09:29:49 AM,57.85,400,23140.0,63123591.25
09:29:50 AM,57.95,0,0.0,63123591.25
09:29:51 AM,57.95,550,31872.5,63155463.75
09:29:52 AM,57.8,400,23120.0,63178583.75
09:29:54 AM,57.6,0,0.0,63178583.75
09:29:54 AM,57.75,175,10106.25,63188690.0
09:29:55 AM,57.95,0,0.0,63188690.0
09:29:56 AM,57.15,1025,58578.75,63247268.75
09:29:57 AM,57.7,0,0.0,63247268.75
09:29:57 AM,58.35,250,14587.5,63261856.25
09:29:58 AM,58.15,0,0.0,63261856.25
09:29:59 AM,57.9,0,0.0,63261856.25
09:29:59 AM,57.85,375,21693.75,63283550.0
09:30:00 AM,58.45,0,0.0,63283550.0
09:30:01 AM,58.05,2675,155283.75,63438833.75
09:30:01 AM,58.2,0,0.0,63438833.75
09:30:02 AM,57.9,0,0.0,63438833.75
09:30:02 AM,57.9,850,49215.0,63488048.75
09:30:03 AM,58.0,0,0.0,63488048.75
09:30:04 AM,57.25,0,0.0,63488048.75
09:30:04 AM,57.25,2150,123087.5,63611136.25
09:30:05 AM,57.6,0,0.0,63611136.25
09:30:06 AM,58.25,1525,88831.25,63699967.5
09:30:06 AM,58.2,0,0.0,63699967.5
09:30:07 AM,58.0,0,0.0,63699967.5
09:30:07 AM,58.25,1025,59706.25,63759673.75
09:30:08 AM,58.45,0,0.0,63759673.75
09:30:09 AM,58.5,0,0.0,63759673.75
09:30:09 AM,58.2,2200,128040.0,63887713.75
09:30:10 AM,58.65,0,0.0,63887713.75
09:30:11 AM,59.35,1375,81606.25,63969320.0
09:30:11 AM,59.4,0,0.0,63969320.0
09:30:12 AM,59.85,0,0.0,63969320.0
09:30:12 AM,59.9,2025,121297.5,64090617.5
09:30:13 AM,60.0,0,0.0,64090617.5
09:30:14 AM,59.8,0,0.0,64090617.5
09:30:14 AM,59.8,3175,189865.0,64280482.5
09:30:15 AM,59.2,0,0.0,64280482.5
09:30:16 AM,59.05,575,33953.75,64314436.25
09:30:16 AM,58.8,0,0.0,64314436.25
09:30:17 AM,58.6,0,0.0,64314436.25
09:30:17 AM,59.05,1050,62002.5,64376438.75
09:30:19 AM,58.75,2075,121906.25,64498345.0
09:30:19 AM,58.45,0,0.0,64498345.0
09:30:20 AM,58.85,0,0.0,64498345.0
09:30:21 AM,59.5,5725,340637.5,64838982.5
09:30:21 AM,59.45,0,0.0,64838982.5
09:30:22 AM,59.65,0,0.0,64838982.5
09:30:22 AM,59.5,625,37187.5,64876170.0
09:30:23 AM,59.3,0,0.0,64876170.0
09:30:24 AM,59.6,0,0.0,64876170.0
09:30:24 AM,59.6,2075,123670.0,64999840.0
09:30:25 AM,59.55,0,0.0,64999840.0
09:30:26 AM,59.55,1875,111656.25,65111496.25
09:30:26 AM,59.65,0,0.0,65111496.25
09:30:27 AM,59.9,0,0.0,65111496.25
09:30:27 AM,59.95,4625,277268.75,65388765.0
09:30:28 AM,59.8,0,0.0,65388765.0
09:30:29 AM,60.2,0,0.0,65388765.0
09:30:29 AM,60.3,1425,85927.5,65474692.5
09:30:30 AM,60.85,0,0.0,65474692.5
09:30:31 AM,60.95,1550,94472.5,65569165.0
09:30:31 AM,61.0,0,0.0,65569165.0
09:30:32 AM,61.05,0,0.0,65569165.0
09:30:32 AM,61.05,1775,108363.75,65677528.75
09:30:33 AM,60.75,0,0.0,65677528.75
09:30:34 AM,60.6,0,0.0,65677528.75
09:30:34 AM,60.6,2000,121200.0,65798728.75
09:30:36 AM,60.6,1250,75750.0,65874478.75
09:30:36 AM,61.0,0,0.0,65874478.75
09:30:37 AM,60.7,0,0.0,65874478.75
09:30:37 AM,60.6,7000,424200.0,66298678.75
09:30:38 AM,60.25,0,0.0,66298678.75
09:30:39 AM,60.35,0,0.0,66298678.75
09:30:39 AM,60.35,1125,67893.75,66366572.5
09:30:40 AM,61.35,0,0.0,66366572.5
09:30:41 AM,61.2,1500,91800.0,66458372.5
09:30:42 AM,61.3,0,0.0,66458372.5
09:30:42 AM,61.2,1450,88740.0,66547112.5
09:30:44 AM,60.65,0,0.0,66547112.5
09:30:44 AM,60.65,2175,131913.75,66679026.25
09:30:45 AM,60.75,0,0.0,66679026.25
09:30:46 AM,60.95,1450,88377.5,66767403.75
09:30:47 AM,60.5,0,0.0,66767403.75
09:30:47 AM,60.6,675,40905.0,66808308.75
09:30:48 AM,61.0,0,0.0,66808308.75
09:30:49 AM,60.1,0,0.0,66808308.75
09:30:49 AM,60.1,925,55592.5,66863901.25
09:30:50 AM,60.55,0,0.0,66863901.25
09:30:51 AM,60.4,1800,108720.0,66972621.25
09:30:51 AM,60.7,0,0.0,66972621.25
09:30:52 AM,60.8,0,0.0,66972621.25
09:30:52 AM,60.7,4225,256457.5,67229078.75
09:30:53 AM,60.4,0,0.0,67229078.75
09:30:54 AM,60.8,300,18240.0,67247318.75
09:30:55 AM,60.95,0,0.0,67247318.75
09:30:56 AM,60.85,1500,91275.0,67338593.75
09:30:56 AM,60.8,0,0.0,67338593.75
09:30:57 AM,60.95,0,0.0,67338593.75
09:30:57 AM,61.05,1350,82417.5,67421011.25
09:30:58 AM,61.45,0,0.0,67421011.25
09:30:59 AM,61.0,0,0.0,67421011.25
09:30:59 AM,61.0,975,59475.0,67480486.25
09:31:00 AM,61.15,0,0.0,67480486.25
09:31:01 AM,61.75,375,23156.25,67503642.5
09:31:01 AM,61.85,0,0.0,67503642.5
09:31:02 AM,61.8,0,0.0,67503642.5
09:31:02 AM,61.8,1425,88065.0,67591707.5
09:31:03 AM,62.15,0,0.0,67591707.5
09:31:04 AM,62.3,375,23362.5,67615070.0
09:31:04 AM,62.45,0,0.0,67615070.0
09:31:05 AM,62.55,0,0.0,67615070.0
09:31:06 AM,62.6,1050,65730.0,67680800.0
09:31:06 AM,62.7,0,0.0,67680800.0
09:31:07 AM,63.25,0,0.0,67680800.0
09:31:07 AM,63.25,1050,66412.5,67747212.5
09:31:08 AM,65.65,0,0.0,67747212.5
09:31:09 AM,65.05,0,0.0,67747212.5
09:31:09 AM,64.85,6850,444222.49999999994,68191435.0
09:31:10 AM,64.15,0,0.0,68191435.0
09:31:11 AM,64.5,4050,261225.0,68452660.0
09:31:11 AM,64.1,0,0.0,68452660.0
09:31:12 AM,63.75,0,0.0,68452660.0
09:31:12 AM,63.7,1925,122622.5,68575282.5
09:31:13 AM,63.85,0,0.0,68575282.5
09:31:14 AM,64.0,1275,81600.0,68656882.5
09:31:14 AM,63.95,0,0.0,68656882.5
09:31:15 AM,64.1,0,0.0,68656882.5
09:31:16 AM,64.4,1525,98210.00000000001,68755092.5
09:31:17 AM,64.6,0,0.0,68755092.5
09:31:17 AM,64.45,8925,575216.25,69330308.75
09:31:18 AM,63.9,0,0.0,69330308.75
09:31:19 AM,64.2,1525,97905.0,69428213.75
09:31:20 AM,65.0,0,0.0,69428213.75
09:31:21 AM,64.5,375,24187.5,69452401.25
09:31:21 AM,64.55,0,0.0,69452401.25
09:31:22 AM,64.35,0,0.0,69452401.25
09:31:22 AM,64.35,2600,167309.99999999997,69619711.25
09:31:23 AM,64.85,0,0.0,69619711.25
09:31:24 AM,64.3,1125,72337.5,69692048.75
09:31:24 AM,64.05,0,0.0,69692048.75
09:31:25 AM,64.0,0,0.0,69692048.75
09:31:25 AM,64.05,3475,222573.75,69914622.5
09:31:26 AM,64.35,0,0.0,69914622.5
09:31:27 AM,63.95,0,0.0,69914622.5
09:31:27 AM,63.95,1000,63950.0,69978572.5
09:31:28 AM,64.25,0,0.0,69978572.5
09:31:29 AM,65.0,3725,242125.0,70220697.5
09:31:29 AM,64.9,0,0.0,70220697.5
09:31:30 AM,65.6,0,0.0,70220697.5
09:31:30 AM,65.55,1650,108157.5,70328855.0
09:31:31 AM,65.65,0,0.0,70328855.0
09:31:32 AM,68.0,0,0.0,70328855.0
09:31:32 AM,68.45,5350,366207.5,70695062.5
09:31:33 AM,69.95,0,0.0,70695062.5
09:31:34 AM,71.1,24525,1743727.4999999998,72438790.0
09:31:34 AM,71.2,0,0.0,72438790.0
09:31:35 AM,69.9,0,0.0,72438790.0
09:31:35 AM,69.4,9275,643685.0,73082475.0
09:31:36 AM,69.25,0,0.0,73082475.0
09:31:37 AM,67.3,0,0.0,73082475.0
09:31:37 AM,66.95,16625,1113043.75,74195518.75
09:31:38 AM,67.25,0,0.0,74195518.75
09:31:39 AM,67.2,2875,193200.0,74388718.75
09:31:39 AM,68.0,0,0.0,74388718.75
09:31:40 AM,69.05,0,0.0,74388718.75
09:31:40 AM,69.55,3000,208650.0,74597368.75
09:31:41 AM,69.6,0,0.0,74597368.75
09:31:42 AM,69.35,3050,211517.49999999997,74808886.25
09:31:42 AM,69.4,0,0.0,74808886.25
09:31:43 AM,69.35,0,0.0,74808886.25
09:31:44 AM,67.75,4650,315037.5,75123923.75
09:31:44 AM,68.0,0,0.0,75123923.75
09:31:45 AM,67.5,0,0.0,75123923.75
09:31:45 AM,68.1,3150,214514.99999999997,75338438.75
09:31:46 AM,68.2,0,0.0,75338438.75
09:31:47 AM,68.7,0,0.0,75338438.75
09:31:47 AM,68.75,2000,137500.0,75475938.75
09:31:48 AM,68.65,0,0.0,75475938.75
09:31:49 AM,69.35,1100,76285.0,75552223.75
09:31:49 AM,69.15,0,0.0,75552223.75
09:31:50 AM,68.85,0,0.0,75552223.75
09:31:50 AM,69.65,325,22636.250000000004,75574860.0
09:31:51 AM,69.45,0,0.0,75574860.0
09:31:52 AM,68.95,0,0.0,75574860.0
09:31:52 AM,68.8,5200,357760.0,75932620.0
09:31:53 AM,69.3,0,0.0,75932620.0
09:31:54 AM,69.3,2100,145530.0,76078150.0
09:31:55 AM,68.6,0,0.0,76078150.0
09:31:55 AM,68.55,1425,97683.75,76175833.75
09:31:56 AM,68.85,0,0.0,76175833.75
09:31:57 AM,69.05,0,0.0,76175833.75
09:31:57 AM,69.05,325,22441.25,76198275.0
09:31:58 AM,68.5,0,0.0,76198275.0
09:31:59 AM,68.3,1450,99035.0,76297310.0
09:31:59 AM,67.75,0,0.0,76297310.0
09:32:00 AM,68.5,0,0.0,76297310.0
09:32:00 AM,69.0,3675,253575.0,76550885.0
09:32:01 AM,68.1,0,0.0,76550885.0
09:32:02 AM,68.65,3025,207666.25000000003,76758551.25
09:32:03 AM,68.9,0,0.0,76758551.25
09:32:04 AM,69.8,1375,95975.0,76854526.25
09:32:04 AM,69.5,0,0.0,76854526.25
09:32:05 AM,69.95,0,0.0,76854526.25
09:32:05 AM,70.5,5500,387750.0,77242276.25
09:32:06 AM,70.55,0,0.0,77242276.25
09:32:07 AM,70.05,2450,171622.5,77413898.75
09:32:07 AM,70.0,0,0.0,77413898.75
09:32:08 AM,69.65,0,0.0,77413898.75
09:32:09 AM,69.05,3350,231317.5,77645216.25
09:32:09 AM,68.75,0,0.0,77645216.25
09:32:10 AM,69.35,0,0.0,77645216.25
09:32:10 AM,68.55,1675,114821.25,77760037.5
09:32:11 AM,68.0,0,0.0,77760037.5
09:32:12 AM,68.3,0,0.0,77760037.5
09:32:12 AM,68.2,2800,190960.0,77950997.5
09:32:13 AM,68.25,0,0.0,77950997.5
09:32:14 AM,68.1,1775,120877.49999999999,78071875.0
09:32:15 AM,68.2,0,0.0,78071875.0
09:32:15 AM,68.75,2550,175312.5,78247187.5
09:32:16 AM,68.65,0,0.0,78247187.5
09:32:17 AM,70.45,0,0.0,78247187.5
09:32:17 AM,70.65,22150,1564897.5000000002,79812085.0
09:32:18 AM,71.15,0,0.0,79812085.0
09:32:19 AM,70.85,3475,246203.74999999997,80058288.75
09:32:19 AM,71.15,0,0.0,80058288.75
09:32:20 AM,71.0,0,0.0,80058288.75
09:32:20 AM,70.6,2250,158850.0,80217138.75
09:32:21 AM,69.95,0,0.0,80217138.75
09:32:22 AM,70.05,1150,80557.5,80297696.25
09:32:23 AM,70.1,0,0.0,80297696.25
09:32:24 AM,70.0,3100,217000.0,80514696.25
09:32:24 AM,69.45,0,0.0,80514696.25
09:32:25 AM,68.7,0,0.0,80514696.25
09:32:25 AM,69.15,2350,162502.5,80677198.75
09:32:27 AM,69.05,0,0.0,80677198.75
09:32:27 AM,69.05,100,6905.0,80684103.75
09:32:28 AM,68.95,0,0.0,80684103.75
09:32:29 AM,68.7,1050,72135.0,80756238.75
09:32:30 AM,70.25,0,0.0,80756238.75
09:32:31 AM,69.35,1525,105758.74999999999,80861997.5
09:32:31 AM,69.2,0,0.0,80861997.5
09:32:32 AM,69.85,0,0.0,80861997.5
09:32:32 AM,69.8,300,20940.0,80882937.5
09:32:34 AM,68.8,675,46440.0,80929377.5
09:32:34 AM,69.05,0,0.0,80929377.5
09:32:35 AM,68.25,0,0.0,80929377.5
09:32:36 AM,68.0,2375,161500.0,81090877.5
09:32:36 AM,68.3,0,0.0,81090877.5
09:32:37 AM,68.35,0,0.0,81090877.5
09:32:37 AM,68.45,125,8556.25,81099433.75
09:32:38 AM,69.05,0,0.0,81099433.75
09:32:39 AM,69.4,525,36435.0,81135868.75
09:32:40 AM,68.8,0,0.0,81135868.75
09:32:40 AM,68.7,575,39502.5,81175371.25
09:32:41 AM,68.25,0,0.0,81175371.25
09:32:42 AM,68.35,0,0.0,81175371.25
09:32:42 AM,68.7,350,24045.0,81199416.25
09:32:43 AM,67.4,0,0.0,81199416.25
09:32:44 AM,66.4,1000,66400.0,81265816.25
09:32:44 AM,66.2,0,0.0,81265816.25
09:32:45 AM,66.95,0,0.0,81265816.25
09:32:45 AM,67.0,2225,149075.0,81414891.25
09:32:46 AM,66.75,0,0.0,81414891.25
09:32:47 AM,66.2,0,0.0,81414891.25
09:32:47 AM,66.2,200,13240.0,81428131.25
09:32:48 AM,66.8,0,0.0,81428131.25
09:32:49 AM,66.55,775,51576.25,81479707.5
09:32:49 AM,66.85,0,0.0,81479707.5
09:32:50 AM,66.4,0,0.0,81479707.5
09:32:50 AM,65.9,400,26360.000000000004,81506067.5
09:32:51 AM,65.75,0,0.0,81506067.5
09:32:52 AM,65.5,1625,106437.5,81612505.0
09:32:53 AM,65.65,0,0.0,81612505.0
09:32:54 AM,65.65,6075,398823.75000000006,82011328.75
09:32:55 AM,66.25,0,0.0,82011328.75
09:32:55 AM,66.4,125,8300.0,82019628.75
09:32:56 AM,66.45,0,0.0,82019628.75
09:32:57 AM,66.8,300,20040.0,82039668.75
09:32:58 AM,67.15,0,0.0,82039668.75
09:32:59 AM,67.2,300,20160.0,82059828.75
09:32:59 AM,65.85,0,0.0,82059828.75
09:33:00 AM,66.5,475,31587.5,82091416.25
09:33:01 AM,66.2,0,0.0,82091416.25
09:33:02 AM,65.65,2250,147712.5,82239128.75
09:33:03 AM,65.45,0,0.0,82239128.75
09:33:04 AM,63.65,4650,295972.5,82535101.25
09:33:04 AM,62.85,0,0.0,82535101.25
09:33:05 AM,63.3,6100,386130.0,82921231.25
09:33:06 AM,62.95,0,0.0,82921231.25
09:33:07 AM,62.85,1525,95846.25,83017077.5
09:33:07 AM,62.8,0,0.0,83017077.5
09:33:08 AM,62.2,0,0.0,83017077.5
09:33:09 AM,62.45,5750,359087.5,83376165.0
09:33:09 AM,62.9,0,0.0,83376165.0
09:33:10 AM,63.3,0,0.0,83376165.0
09:33:10 AM,63.3,3075,194647.5,83570812.5
09:33:11 AM,63.1,0,0.0,83570812.5
09:33:12 AM,62.7,1725,108157.5,83678970.0
09:33:13 AM,63.2,0,0.0,83678970.0
09:33:14 AM,63.35,750,47512.5,83726482.5
09:33:14 AM,62.7,0,0.0,83726482.5
09:33:15 AM,62.95,0,0.0,83726482.5
09:33:15 AM,62.95,625,39343.75,83765826.25
09:33:16 AM,63.15,0,0.0,83765826.25
09:33:17 AM,64.05,550,35227.5,83801053.75
09:33:17 AM,64.3,0,0.0,83801053.75
09:33:18 AM,64.5,0,0.0,83801053.75
09:33:18 AM,65.2,925,60310.0,83861363.75
09:33:19 AM,65.65,0,0.0,83861363.75
09:33:20 AM,65.6,0,0.0,83861363.75
09:33:20 AM,65.6,575,37720.0,83899083.75
09:33:21 AM,66.15,0,0.0,83899083.75
09:33:22 AM,66.2,1075,71165.0,83970248.75
09:33:22 AM,66.1,0,0.0,83970248.75
09:33:23 AM,66.3,0,0.0,83970248.75
09:33:23 AM,66.3,675,44752.5,84015001.25
09:33:24 AM,66.55,0,0.0,84015001.25
09:33:25 AM,65.0,2525,164125.0,84179126.25
09:33:26 AM,65.25,0,0.0,84179126.25
09:33:27 AM,65.2,1100,71720.0,84250846.25
09:33:28 AM,65.0,0,0.0,84250846.25
09:33:28 AM,65.0,275,17875.0,84268721.25
09:33:29 AM,64.95,0,0.0,84268721.25
09:33:30 AM,65.9,0,0.0,84268721.25
09:33:30 AM,65.95,875,57706.25,84326427.5
09:33:31 AM,66.15,0,0.0,84326427.5
09:33:32 AM,65.95,875,57706.25,84384133.75
09:33:32 AM,65.7,0,0.0,84384133.75
09:33:33 AM,64.75,0,0.0,84384133.75
09:33:33 AM,64.65,1650,106672.50000000001,84490806.25
09:33:34 AM,64.4,0,0.0,84490806.25
09:33:35 AM,65.2,0,0.0,84490806.25
09:33:35 AM,64.9,825,53542.50000000001,84544348.75
09:33:36 AM,64.7,0,0.0,84544348.75
09:33:37 AM,64.95,325,21108.75,84565457.5
09:33:37 AM,65.35,0,0.0,84565457.5
09:33:38 AM,64.85,0,0.0,84565457.5
09:33:38 AM,64.85,1050,68092.5,84633550.0
09:33:39 AM,65.25,0,0.0,84633550.0
09:33:40 AM,65.5,0,0.0,84633550.0
09:33:40 AM,65.5,2000,131000.0,84764550.0
09:33:41 AM,65.35,0,0.0,84764550.0
09:33:42 AM,65.35,2075,135601.25,84900151.25
09:33:42 AM,65.55,0,0.0,84900151.25
09:33:43 AM,65.8,0,0.0,84900151.25
09:33:43 AM,66.1,1125,74362.5,84974513.75
09:33:44 AM,66.55,0,0.0,84974513.75
09:33:45 AM,66.85,0,0.0,84974513.75
09:33:45 AM,66.95,425,28453.75,85002967.5
09:33:46 AM,66.6,0,0.0,85002967.5
09:33:47 AM,66.95,375,25106.25,85028073.75
09:33:48 AM,66.85,0,0.0,85028073.75
09:33:48 AM,67.0,1700,113900.0,85141973.75
09:33:49 AM,66.65,0,0.0,85141973.75
09:33:50 AM,66.3,0,0.0,85141973.75
09:33:50 AM,66.3,1300,86190.0,85228163.75
09:33:51 AM,66.4,0,0.0,85228163.75
09:33:52 AM,66.15,1350,89302.50000000001,85317466.25
09:33:53 AM,66.25,0,0.0,85317466.25
09:33:53 AM,65.6,150,9840.0,85327306.25
09:33:54 AM,65.5,0,0.0,85327306.25
09:33:55 AM,65.4,0,0.0,85327306.25
09:33:55 AM,65.4,1775,116085.00000000001,85443391.25
09:33:56 AM,65.9,0,0.0,85443391.25
09:33:57 AM,66.15,275,18191.25,85461582.5
09:33:57 AM,65.85,0,0.0,85461582.5
09:33:58 AM,66.8,0,0.0,85461582.5
09:33:58 AM,67.05,825,55316.25,85516898.75
09:34:00 AM,67.0,0,0.0,85516898.75
09:34:00 AM,66.95,2150,143942.5,85660841.25
09:34:01 AM,67.55,0,0.0,85660841.25
09:34:02 AM,68.0,650,44200.0,85705041.25
09:34:02 AM,68.1,0,0.0,85705041.25
09:34:03 AM,67.7,0,0.0,85705041.25
09:34:03 AM,67.7,300,20310.0,85725351.25
09:34:04 AM,68.55,0,0.0,85725351.25
09:34:05 AM,69.3,0,0.0,85725351.25
09:34:05 AM,69.4,2775,192585.00000000003,85917936.25
09:34:06 AM,69.2,0,0.0,85917936.25
09:34:07 AM,68.85,1525,104996.24999999999,86022932.5
09:34:07 AM,68.55,0,0.0,86022932.5
09:34:08 AM,67.9,0,0.0,86022932.5
09:34:08 AM,67.85,425,28836.249999999996,86051768.75
09:34:09 AM,68.25,0,0.0,86051768.75
09:34:10 AM,67.9,0,0.0,86051768.75
09:34:10 AM,67.9,1350,91665.00000000001,86143433.75
09:34:11 AM,66.8,0,0.0,86143433.75
09:34:12 AM,67.1,2800,187879.99999999997,86331313.75
09:34:12 AM,67.0,0,0.0,86331313.75
09:34:13 AM,67.85,0,0.0,86331313.75
09:34:13 AM,68.2,1175,80135.0,86411448.75
09:34:14 AM,68.25,0,0.0,86411448.75
09:34:15 AM,68.1,0,0.0,86411448.75
09:34:15 AM,68.4,350,23940.000000000004,86435388.75
09:34:16 AM,68.5,0,0.0,86435388.75
09:34:17 AM,68.85,2675,184173.74999999997,86619562.5
09:34:18 AM,68.45,0,0.0,86619562.5
09:34:18 AM,68.6,2675,183504.99999999997,86803067.5
09:34:19 AM,68.15,0,0.0,86803067.5
09:34:20 AM,68.5,0,0.0,86803067.5
09:34:20 AM,68.5,1525,104462.5,86907530.0
09:34:21 AM,67.95,0,0.0,86907530.0
09:34:22 AM,68.25,675,46068.75,86953598.75
09:34:22 AM,67.85,0,0.0,86953598.75
09:34:23 AM,67.8,0,0.0,86953598.75
09:34:23 AM,67.85,2050,139092.5,87092691.25
09:34:24 AM,68.45,0,0.0,87092691.25
09:34:25 AM,68.35,250,17087.5,87109778.75
09:34:26 AM,68.5,0,0.0,87109778.75
09:34:26 AM,68.2,1975,134695.0,87244473.75
09:34:27 AM,68.0,0,0.0,87244473.75
09:34:28 AM,68.05,0,0.0,87244473.75
09:34:28 AM,68.05,325,22116.25,87266590.0
09:34:29 AM,68.3,0,0.0,87266590.0
09:34:30 AM,68.75,900,61875.0,87328465.0
09:34:30 AM,68.7,0,0.0,87328465.0
09:34:31 AM,68.75,0,0.0,87328465.0
09:34:31 AM,68.55,700,47985.0,87376450.0
09:34:32 AM,68.45,0,0.0,87376450.0
09:34:33 AM,68.45,625,42781.25,87419231.25
09:34:33 AM,68.65,0,0.0,87419231.25
09:34:34 AM,68.8,0,0.0,87419231.25
09:34:34 AM,68.95,2125,146518.75,87565750.0
09:34:35 AM,69.0,0,0.0,87565750.0
09:34:36 AM,69.8,0,0.0,87565750.0
09:34:36 AM,69.9,2025,141547.5,87707297.5
09:34:37 AM,69.95,0,0.0,87707297.5
09:34:38 AM,71.55,15875,1135856.25,88843153.75
09:34:38 AM,71.8,0,0.0,88843153.75
09:34:39 AM,71.0,0,0.0,88843153.75
09:34:39 AM,71.05,3650,259332.5,89102486.25
09:34:40 AM,70.65,0,0.0,89102486.25
09:34:41 AM,70.2,0,0.0,89102486.25
09:34:41 AM,70.4,3875,272800.0,89375286.25
09:34:42 AM,69.9,0,0.0,89375286.25
09:34:43 AM,70.1,1000,70100.0,89445386.25
09:34:43 AM,70.15,0,0.0,89445386.25
09:34:44 AM,70.2,0,0.0,89445386.25
09:34:45 AM,69.55,3600,250380.0,89695766.25
09:34:45 AM,70.2,0,0.0,89695766.25
09:34:46 AM,70.25,1125,79031.25,89774797.5
09:34:47 AM,70.4,0,0.0,89774797.5
09:34:48 AM,69.75,1150,80212.5,89855010.0
09:34:48 AM,69.65,0,0.0,89855010.0
09:34:49 AM,69.55,0,0.0,89855010.0
09:34:50 AM,69.3,400,27720.0,89882730.0
09:34:51 AM,69.2,0,0.0,89882730.0
09:34:51 AM,69.2,650,44980.0,89927710.0
09:34:52 AM,69.8,0,0.0,89927710.0
09:34:53 AM,69.8,2875,200675.0,90128385.0
09:34:53 AM,70.05,0,0.0,90128385.0
09:34:54 AM,70.4,0,0.0,90128385.0
09:34:55 AM,70.35,275,19346.25,90147731.25
09:34:55 AM,70.0,0,0.0,90147731.25
09:34:56 AM,70.0,2025,141750.0,90289481.25
09:34:57 AM,70.35,0,0.0,90289481.25
09:34:58 AM,70.0,675,47250.0,90336731.25
09:34:59 AM,70.65,0,0.0,90336731.25
09:34:59 AM,70.65,800,56520.00000000001,90393251.25
09:35:00 AM,71.15,0,0.0,90393251.25
09:35:01 AM,70.9,1575,111667.50000000001,90504918.75
09:35:01 AM,70.85,0,0.0,90504918.75
09:35:02 AM,70.1,0,0.0,90504918.75
09:35:03 AM,70.0,2875,201250.0,90706168.75
09:35:03 AM,70.1,0,0.0,90706168.75
09:35:04 AM,70.55,0,0.0,90706168.75
09:35:04 AM,70.1,2300,161230.0,90867398.75
09:35:05 AM,70.25,0,0.0,90867398.75
09:35:06 AM,70.05,1350,94567.5,90961966.25
09:35:07 AM,70.1,0,0.0,90961966.25
09:35:08 AM,70.55,2750,194012.5,91155978.75
09:35:08 AM,70.6,0,0.0,91155978.75
09:35:09 AM,70.0,0,0.0,91155978.75
09:35:09 AM,69.7,1175,81897.5,91237876.25
09:35:10 AM,69.8,0,0.0,91237876.25
09:35:11 AM,70.5,1200,84600.0,91322476.25
09:35:11 AM,70.75,0,0.0,91322476.25
09:35:12 AM,71.5,0,0.0,91322476.25
09:35:13 AM,71.5,1375,98312.5,91420788.75
09:35:13 AM,71.45,0,0.0,91420788.75
09:35:14 AM,75.25,0,0.0,91420788.75
09:35:14 AM,75.15,39075,2936486.25,94357275.0
09:35:15 AM,75.0,0,0.0,94357275.0
09:35:16 AM,73.85,14675,1083748.75,95441023.75
09:35:16 AM,74.3,0,0.0,95441023.75
09:35:17 AM,74.0,0,0.0,95441023.75
09:35:18 AM,73.55,4375,321781.25,95762805.0
09:35:18 AM,73.15,0,0.0,95762805.0
09:35:19 AM,73.45,0,0.0,95762805.0
09:35:19 AM,73.85,2225,164316.25,95927121.25
09:35:20 AM,73.8,0,0.0,95927121.25
09:35:21 AM,74.0,1925,142450.0,96069571.25
09:35:21 AM,74.25,0,0.0,96069571.25
09:35:22 AM,73.65,0,0.0,96069571.25
09:35:22 AM,73.9,5025,371347.5,96440918.75
09:35:23 AM,73.55,0,0.0,96440918.75
09:35:24 AM,73.0,1225,89425.0,96530343.75
09:35:26 AM,73.0,1675,122275.0,96652618.75
09:35:26 AM,73.3,0,0.0,96652618.75
09:35:27 AM,73.1,0,0.0,96652618.75
09:35:27 AM,73.7,875,64487.5,96717106.25
09:35:28 AM,73.55,0,0.0,96717106.25
09:35:29 AM,74.15,2375,176106.25,96893212.5
09:35:30 AM,74.3,0,0.0,96893212.5
09:35:31 AM,73.8,850,62730.0,96955942.5
09:35:31 AM,73.2,0,0.0,96955942.5
09:35:32 AM,73.1,0,0.0,96955942.5
09:35:32 AM,73.05,2075,151578.75,97107521.25
09:35:33 AM,72.75,0,0.0,97107521.25
09:35:34 AM,71.75,1900,136325.0,97243846.25
09:35:34 AM,71.6,0,0.0,97243846.25
09:35:35 AM,72.4,0,0.0,97243846.25
09:35:36 AM,72.4,2075,150230.0,97394076.25
09:35:36 AM,72.75,0,0.0,97394076.25
09:35:37 AM,72.0,0,0.0,97394076.25
09:35:37 AM,72.25,2050,148112.5,97542188.75
09:35:38 AM,71.45,0,0.0,97542188.75
09:35:39 AM,70.1,8150,571315.0,98113503.75
09:35:40 AM,70.15,0,0.0,98113503.75
09:35:41 AM,70.4,1000,70400.0,98183903.75
09:35:41 AM,71.0,0,0.0,98183903.75
09:35:42 AM,70.95,2575,182696.25,98366600.0
09:35:42 AM,70.8,0,0.0,98366600.0
09:35:43 AM,69.65,0,0.0,98366600.0
09:35:44 AM,69.45,725,50351.25,98416951.25
09:35:45 AM,69.5,0,0.0,98416951.25
09:35:46 AM,69.5,225,15637.5,98432588.75
09:35:47 AM,69.35,0,0.0,98432588.75
09:35:47 AM,69.35,2000,138700.0,98571288.75
09:35:48 AM,69.8,0,0.0,98571288.75
09:35:49 AM,69.75,550,38362.5,98609651.25
09:35:50 AM,69.3,0,0.0,98609651.25
09:35:51 AM,69.5,2925,203287.5,98812938.75
09:35:51 AM,69.55,0,0.0,98812938.75
09:35:52 AM,68.9,0,0.0,98812938.75
09:35:52 AM,68.9,1225,84402.5,98897341.25
09:35:53 AM,68.85,0,0.0,98897341.25
09:35:54 AM,69.2,400,27680.0,98925021.25
09:35:55 AM,69.6,0,0.0,98925021.25
09:35:56 AM,69.45,5350,371557.5,99296578.75
09:35:56 AM,69.95,0,0.0,99296578.75
09:35:57 AM,70.2,625,43875.0,99340453.75
09:35:58 AM,69.6,0,0.0,99340453.75
09:35:59 AM,69.75,1050,73237.5,99413691.25
09:35:59 AM,69.45,0,0.0,99413691.25
09:36:00 AM,69.05,0,0.0,99413691.25
09:36:00 AM,68.65,1750,120137.50000000001,99533828.75
09:36:01 AM,67.9,0,0.0,99533828.75
09:36:02 AM,68.55,16150,1107082.5,100640911.25
09:36:02 AM,68.65,0,0.0,100640911.25
09:36:03 AM,68.2,0,0.0,100640911.25
09:36:04 AM,67.75,2700,182925.0,100823836.25
09:36:04 AM,67.8,0,0.0,100823836.25
09:36:05 AM,67.85,0,0.0,100823836.25
09:36:05 AM,68.7,3000,206100.0,101029936.25
09:36:06 AM,68.55,0,0.0,101029936.25
09:36:07 AM,67.75,1350,91462.5,101121398.75
09:36:08 AM,67.85,0,0.0,101121398.75
09:36:09 AM,67.4,2250,151650.0,101273048.75
09:36:09 AM,67.8,0,0.0,101273048.75
09:36:10 AM,68.2,0,0.0,101273048.75
09:36:10 AM,68.35,1725,117903.74999999999,101390952.5
09:36:11 AM,68.2,0,0.0,101390952.5
09:36:12 AM,67.8,1525,103395.0,101494347.5
09:36:14 AM,68.0,1525,103700.0,101598047.5
09:36:14 AM,67.6,0,0.0,101598047.5
09:36:15 AM,68.2,0,0.0,101598047.5
09:36:15 AM,68.7,1275,87592.5,101685640.0
09:36:16 AM,69.05,0,0.0,101685640.0
09:36:17 AM,69.0,1225,84525.0,101770165.0
09:36:17 AM,69.1,0,0.0,101770165.0
09:36:18 AM,68.5,0,0.0,101770165.0
09:36:19 AM,68.45,2325,159146.25,101929311.25
09:36:19 AM,68.65,0,0.0,101929311.25
09:36:20 AM,68.05,0,0.0,101929311.25
09:36:20 AM,67.85,575,39013.75,101968325.0
09:36:21 AM,67.55,0,0.0,101968325.0
09:36:22 AM,67.25,2625,176531.25,102144856.25
09:36:22 AM,67.15,0,0.0,102144856.25
09:36:23 AM,67.1,0,0.0,102144856.25
09:36:23 AM,66.9,1400,93660.00000000001,102238516.25
09:36:24 AM,66.65,0,0.0,102238516.25
09:36:25 AM,66.85,1450,96932.49999999999,102335448.75
09:36:26 AM,67.35,0,0.0,102335448.75
09:36:27 AM,67.45,900,60705.0,102396153.75
09:36:27 AM,67.8,0,0.0,102396153.75
09:36:28 AM,68.2,0,0.0,102396153.75
09:36:28 AM,67.85,1350,91597.49999999999,102487751.25
09:36:29 AM,68.15,0,0.0,102487751.25
09:36:30 AM,68.6,925,63454.99999999999,102551206.25
09:36:31 AM,68.35,0,0.0,102551206.25
09:36:32 AM,69.05,1150,79407.5,102630613.75
09:36:33 AM,69.15,0,0.0,102630613.75
09:36:33 AM,69.7,3225,224782.5,102855396.25
09:36:34 AM,70.5,0,0.0,102855396.25
09:36:35 AM,71.5,3050,218075.0,103073471.25
09:36:36 AM,72.25,0,0.0,103073471.25
09:36:37 AM,72.15,2350,169552.5,103243023.75
09:36:37 AM,72.6,0,0.0,103243023.75
09:36:38 AM,73.25,0,0.0,103243023.75
09:36:38 AM,72.55,3100,224905.0,103467928.75
09:36:39 AM,72.8,0,0.0,103467928.75
09:36:40 AM,72.0,2075,149400.0,103617328.75
09:36:41 AM,71.95,0,0.0,103617328.75
09:36:42 AM,71.6,900,64439.99999999999,103681768.75
09:36:42 AM,71.5,0,0.0,103681768.75
09:36:43 AM,71.45,675,48228.75,103729997.5
09:36:44 AM,71.3,0,0.0,103729997.5
09:36:45 AM,71.1,19375,1377562.5,105107560.0
09:36:46 AM,71.5,0,0.0,105107560.0
09:36:47 AM,71.2,2600,185120.0,105292680.0
09:36:47 AM,71.8,0,0.0,105292680.0
09:36:48 AM,71.5,2275,162662.5,105455342.5
09:36:49 AM,71.65,0,0.0,105455342.5
09:36:50 AM,71.95,550,39572.5,105494915.0
09:36:51 AM,71.8,0,0.0,105494915.0
09:36:52 AM,72.0,1075,77400.0,105572315.0
09:36:52 AM,72.2,0,0.0,105572315.0
09:36:53 AM,71.55,0,0.0,105572315.0
09:36:53 AM,71.85,2425,174236.25,105746551.25
09:36:54 AM,72.1,0,0.0,105746551.25
09:36:55 AM,71.75,900,64575.0,105811126.25
09:36:55 AM,72.05,0,0.0,105811126.25
09:36:56 AM,72.5,0,0.0,105811126.25
09:36:57 AM,71.7,1125,80662.5,105891788.75
09:36:58 AM,72.3,0,0.0,105891788.75
09:36:58 AM,72.15,1625,117243.75000000001,106009032.5
09:36:59 AM,72.8,0,0.0,106009032.5
09:37:00 AM,74.15,4025,298453.75,106307486.25
09:37:01 AM,74.3,0,0.0,106307486.25
09:37:02 AM,73.7,2150,158455.0,106465941.25
09:37:02 AM,73.95,0,0.0,106465941.25
09:37:03 AM,73.65,1850,136252.5,106602193.75
09:37:04 AM,73.45,0,0.0,106602193.75
09:37:05 AM,73.3,2950,216235.0,106818428.75
09:37:05 AM,73.45,0,0.0,106818428.75
09:37:06 AM,74.65,0,0.0,106818428.75
09:37:07 AM,74.4,24325,1809780.0000000002,108628208.75
09:37:07 AM,74.55,0,0.0,108628208.75
09:37:08 AM,75.6,575,43470.0,108671678.75
09:37:08 AM,75.65,0,0.0,108671678.75
09:37:09 AM,76.1,0,0.0,108671678.75
09:37:10 AM,76.45,4375,334468.75,109006147.5
09:37:10 AM,76.6,0,0.0,109006147.5
09:37:11 AM,75.4,0,0.0,109006147.5
09:37:12 AM,75.5,9200,694600.0,109700747.5
09:37:12 AM,75.7,0,0.0,109700747.5
09:37:13 AM,76.45,0,0.0,109700747.5
09:37:13 AM,76.45,1525,116586.25,109817333.75
09:37:14 AM,76.5,0,0.0,109817333.75
09:37:15 AM,77.1,5150,397064.99999999994,110214398.75
09:37:15 AM,77.6,0,0.0,110214398.75
09:37:16 AM,77.45,0,0.0,110214398.75
09:37:17 AM,77.1,6125,472237.49999999994,110686636.25
09:37:17 AM,76.8,0,0.0,110686636.25
09:37:18 AM,76.8,9050,695040.0,111381676.25
09:37:19 AM,76.15,0,0.0,111381676.25
09:37:20 AM,74.6,7275,542715.0,111924391.25
09:37:21 AM,74.7,0,0.0,111924391.25
09:37:22 AM,74.5,2225,165762.5,112090153.75
09:37:22 AM,74.45,0,0.0,112090153.75
09:37:23 AM,75.55,0,0.0,112090153.75
09:37:23 AM,75.55,2225,168098.75,112258252.5
09:37:24 AM,76.0,0,0.0,112258252.5
09:37:25 AM,76.45,3125,238906.25,112497158.75
09:37:25 AM,76.25,0,0.0,112497158.75
09:37:26 AM,76.45,0,0.0,112497158.75
09:37:27 AM,76.4,5250,401100.00000000006,112898258.75
09:37:27 AM,76.55,0,0.0,112898258.75
09:37:28 AM,76.5,0,0.0,112898258.75
09:37:28 AM,76.5,1300,99450.0,112997708.75
09:37:29 AM,77.0,0,0.0,112997708.75
09:37:30 AM,77.5,1975,153062.5,113150771.25
09:37:30 AM,77.4,0,0.0,113150771.25
09:37:31 AM,79.55,0,0.0,113150771.25
09:37:32 AM,79.8,9275,740145.0,113890916.25
09:37:32 AM,80.25,0,0.0,113890916.25
09:37:33 AM,79.8,0,0.0,113890916.25
09:37:33 AM,79.7,7700,613690.0,114504606.25
09:37:34 AM,78.05,0,0.0,114504606.25
09:37:35 AM,77.8,2925,227565.0,114732171.25
09:37:35 AM,77.85,0,0.0,114732171.25
09:37:36 AM,77.75,0,0.0,114732171.25
09:37:37 AM,77.75,2150,167162.5,114899333.75
09:37:37 AM,78.2,0,0.0,114899333.75
09:37:38 AM,78.5,1625,127562.5,115026896.25
09:37:39 AM,77.95,0,0.0,115026896.25
09:37:40 AM,77.65,975,75708.75,115102605.0
09:37:41 AM,78.8,0,0.0,115102605.0
09:37:42 AM,78.95,2150,169742.5,115272347.5
09:37:42 AM,78.6,0,0.0,115272347.5
09:37:43 AM,78.65,5000,393250.0,115665597.5
09:37:43 AM,78.5,0,0.0,115665597.5
09:37:44 AM,79.2,0,0.0,115665597.5
09:37:45 AM,79.45,700,55615.0,115721212.5
09:37:45 AM,79.15,0,0.0,115721212.5
09:37:46 AM,79.25,0,0.0,115721212.5
09:37:47 AM,79.5,2275,180862.5,115902075.0
09:37:47 AM,79.95,0,0.0,115902075.0
09:37:48 AM,80.7,0,0.0,115902075.0
09:37:48 AM,80.7,3075,248152.5,116150227.5
09:37:49 AM,80.9,0,0.0,116150227.5
09:37:50 AM,80.35,4100,329435.0,116479662.5
09:37:50 AM,80.4,0,0.0,116479662.5
09:37:51 AM,79.5,0,0.0,116479662.5
09:37:52 AM,79.35,2450,194407.5,116674070.0
09:37:52 AM,78.75,0,0.0,116674070.0
09:37:53 AM,78.45,0,0.0,116674070.0
09:37:53 AM,78.45,4200,329490.0,117003560.0
09:37:54 AM,78.7,0,0.0,117003560.0
09:37:55 AM,80.2,4750,380950.0,117384510.0
09:37:55 AM,79.0,0,0.0,117384510.0
09:37:56 AM,78.55,0,0.0,117384510.0
09:37:57 AM,79.1,2000,158200.0,117542710.0
09:37:57 AM,79.0,0,0.0,117542710.0
09:37:58 AM,79.85,0,0.0,117542710.0
09:37:58 AM,79.85,750,59887.49999999999,117602597.5
09:37:59 AM,79.45,0,0.0,117602597.5
09:38:00 AM,79.1,4225,334197.5,117936795.0
09:38:00 AM,79.2,0,0.0,117936795.0
09:38:01 AM,79.8,0,0.0,117936795.0
09:38:01 AM,79.8,1600,127680.0,118064475.0
09:38:02 AM,80.35,0,0.0,118064475.0
09:38:03 AM,80.8,0,0.0,118064475.0
09:38:03 AM,80.8,1400,113120.0,118177595.0
09:38:04 AM,78.85,0,0.0,118177595.0
09:38:05 AM,79.1,4225,334197.5,118511792.5
09:38:05 AM,79.0,0,0.0,118511792.5
09:38:06 AM,79.3,0,0.0,118511792.5
09:38:06 AM,79.3,2900,229970.0,118741762.5
09:38:07 AM,80.35,0,0.0,118741762.5
09:38:08 AM,80.0,1825,146000.0,118887762.5
09:38:08 AM,80.7,0,0.0,118887762.5
09:38:09 AM,82.35,0,0.0,118887762.5
09:38:10 AM,82.6,16075,1327795.0,120215557.5
09:38:10 AM,82.3,0,0.0,120215557.5
09:38:11 AM,82.5,0,0.0,120215557.5
09:38:11 AM,83.55,6225,520098.75,120735656.25
09:38:12 AM,82.65,0,0.0,120735656.25
09:38:13 AM,83.75,27225,2280093.75,123015750.0
09:38:14 AM,83.2,0,0.0,123015750.0
09:38:14 AM,83.45,0,0.0,123015750.0
09:38:15 AM,82.55,17200,1419860.0,124435610.0
09:38:15 AM,81.9,0,0.0,124435610.0
09:38:16 AM,81.55,10675,870546.25,125306156.25
09:38:16 AM,81.9,0,0.0,125306156.25
09:38:17 AM,81.0,0,0.0,125306156.25
09:38:18 AM,82.3,1900,156370.0,125462526.25
09:38:18 AM,82.35,0,0.0,125462526.25
09:38:19 AM,83.35,0,0.0,125462526.25
09:38:20 AM,83.5,3875,323562.5,125786088.75
09:38:20 AM,83.05,0,0.0,125786088.75
09:38:21 AM,83.1,0,0.0,125786088.75
09:38:21 AM,82.95,4050,335947.5,126122036.25
09:38:22 AM,82.85,0,0.0,126122036.25
09:38:23 AM,82.55,8700,718185.0,126840221.25
09:38:23 AM,82.0,0,0.0,126840221.25
09:38:24 AM,82.35,0,0.0,126840221.25
09:38:25 AM,82.25,12575,1034293.75,127874515.0
09:38:25 AM,82.65,0,0.0,127874515.0
09:38:26 AM,83.0,0,0.0,127874515.0
09:38:26 AM,83.0,2950,244850.0,128119365.0
09:38:27 AM,83.3,0,0.0,128119365.0
09:38:28 AM,82.9,7850,650765.0,128770130.0
09:38:28 AM,82.7,0,0.0,128770130.0
09:38:29 AM,82.9,0,0.0,128770130.0
09:38:30 AM,82.85,7850,650372.5,129420502.5
09:38:31 AM,82.6,0,0.0,129420502.5
09:38:31 AM,82.6,1925,159005.0,129579507.5
09:38:32 AM,80.85,0,0.0,129579507.5
09:38:33 AM,81.0,3250,263250.0,129842757.5
09:38:34 AM,82.1,0,0.0,129842757.5
09:38:35 AM,82.95,1325,109908.75,129952666.25
09:38:36 AM,84.15,3250,273487.5,130226153.75
09:38:36 AM,84.75,0,0.0,130226153.75
09:38:37 AM,84.3,0,0.0,130226153.75
09:38:38 AM,83.55,4625,386418.75,130612572.5
09:38:38 AM,83.4,0,0.0,130612572.5
09:38:39 AM,83.8,0,0.0,130612572.5
09:38:40 AM,83.25,4200,349650.0,130962222.5
09:38:40 AM,82.8,0,0.0,130962222.5
09:38:41 AM,82.05,0,0.0,130962222.5
09:38:41 AM,82.05,2025,166151.25,131128373.75
09:38:42 AM,83.4,0,0.0,131128373.75
09:38:43 AM,83.05,2425,201396.25,131329770.0
09:38:44 AM,83.1,0,0.0,131329770.0
09:38:45 AM,83.45,2875,239918.75,131569688.75
09:38:45 AM,83.75,0,0.0,131569688.75
09:38:46 AM,83.8,0,0.0,131569688.75
09:38:46 AM,83.8,725,60755.0,131630443.75
09:38:47 AM,83.4,0,0.0,131630443.75
09:38:48 AM,83.2,1425,118560.0,131749003.75
09:38:48 AM,83.3,0,0.0,131749003.75
09:38:49 AM,82.9,0,0.0,131749003.75
09:38:50 AM,82.7,3100,256370.0,132005373.75
09:38:50 AM,83.95,0,0.0,132005373.75
09:38:51 AM,83.5,2650,221275.0,132226648.75
09:38:52 AM,83.05,0,0.0,132226648.75
09:38:53 AM,82.45,3575,294758.75,132521407.5
09:38:53 AM,82.0,0,0.0,132521407.5
09:38:54 AM,82.35,0,0.0,132521407.5
09:38:55 AM,82.0,725,59450.0,132580857.5
09:38:55 AM,82.5,0,0.0,132580857.5
09:38:56 AM,82.3,2325,191347.5,132772205.0
09:38:56 AM,81.6,0,0.0,132772205.0
09:38:57 AM,81.55,0,0.0,132772205.0
09:38:58 AM,82.1,3975,326347.5,133098552.5
09:38:59 AM,81.45,0,0.0,133098552.5
09:39:00 AM,82.25,2225,183006.25,133281558.75
09:39:00 AM,82.6,0,0.0,133281558.75
09:39:01 AM,83.1,0,0.0,133281558.75
09:39:01 AM,83.1,4675,388492.5,133670051.25
09:39:02 AM,82.65,0,0.0,133670051.25
09:39:03 AM,82.9,850,70465.0,133740516.25
09:39:03 AM,82.8,0,0.0,133740516.25
09:39:04 AM,82.35,0,0.0,133740516.25
09:39:05 AM,82.9,2150,178235.0,133918751.25
09:39:05 AM,83.3,0,0.0,133918751.25
09:39:06 AM,83.9,6750,566325.0,134485076.25
09:39:06 AM,84.0,0,0.0,134485076.25
09:39:07 AM,84.25,0,0.0,134485076.25
09:39:08 AM,83.4,2250,187650.0,134672726.25
09:39:08 AM,83.3,0,0.0,134672726.25
09:39:09 AM,83.5,0,0.0,134672726.25
09:39:10 AM,83.95,600,50370.0,134723096.25
09:39:10 AM,83.75,0,0.0,134723096.25
09:39:11 AM,84.9,2350,199515.0,134922611.25
09:39:11 AM,84.4,0,0.0,134922611.25
09:39:12 AM,85.1,0,0.0,134922611.25
09:39:13 AM,83.8,11725,982555.0,135905166.25
09:39:13 AM,85.25,0,0.0,135905166.25
09:39:14 AM,86.9,0,0.0,135905166.25
09:39:15 AM,87.45,17975,1571913.75,137477080.0
09:39:15 AM,87.75,0,0.0,137477080.0
09:39:16 AM,87.15,0,0.0,137477080.0
09:39:16 AM,86.7,6075,526702.5,138003782.5
09:39:17 AM,86.4,0,0.0,138003782.5
09:39:18 AM,86.35,6575,567751.25,138571533.75
09:39:19 AM,86.5,0,0.0,138571533.75
09:39:20 AM,86.65,2775,240453.75000000003,138811987.5
09:39:20 AM,86.7,0,0.0,138811987.5
09:39:21 AM,87.7,0,0.0,138811987.5
09:39:21 AM,87.45,2000,174900.0,138986887.5
09:39:22 AM,87.35,0,0.0,138986887.5
09:39:23 AM,87.2,2700,235440.0,139222327.5
09:39:23 AM,87.05,0,0.0,139222327.5
09:39:24 AM,86.5,0,0.0,139222327.5
09:39:25 AM,86.35,3100,267685.0,139490012.5
09:39:25 AM,86.3,0,0.0,139490012.5
09:39:26 AM,87.05,0,0.0,139490012.5
09:39:26 AM,87.05,3525,306851.25,139796863.75
09:39:27 AM,86.85,0,0.0,139796863.75
09:39:28 AM,86.8,2375,206150.0,140003013.75
09:39:28 AM,87.0,0,0.0,140003013.75
09:39:29 AM,87.4,0,0.0,140003013.75
09:39:30 AM,87.5,2150,188125.0,140191138.75
09:39:30 AM,88.0,0,0.0,140191138.75
09:39:31 AM,88.6,0,0.0,140191138.75
09:39:31 AM,88.95,4825,429183.75,140620322.5
09:39:32 AM,88.35,0,0.0,140620322.5
09:39:33 AM,87.65,5325,466736.25000000006,141087058.75
09:39:33 AM,87.7,0,0.0,141087058.75
09:39:34 AM,87.9,0,0.0,141087058.75
09:39:35 AM,88.1,3475,306147.5,141393206.25
09:39:35 AM,87.45,0,0.0,141393206.25
09:39:36 AM,87.45,750,65587.5,141458793.75
09:39:37 AM,87.6,0,0.0,141458793.75
09:39:38 AM,89.05,2475,220398.75,141679192.5
09:39:38 AM,89.0,0,0.0,141679192.5
09:39:39 AM,88.7,0,0.0,141679192.5
09:39:40 AM,88.25,4750,419187.5,142098380.0
09:39:40 AM,88.4,0,0.0,142098380.0
09:39:41 AM,88.45,5200,459940.0,142558320.0
09:39:42 AM,89.3,0,0.0,142558320.0
09:39:43 AM,89.35,9625,859993.75,143418313.75
09:39:43 AM,88.4,0,0.0,143418313.75
09:39:44 AM,88.25,0,0.0,143418313.75
09:39:45 AM,88.25,2000,176500.0,143594813.75
09:39:45 AM,88.35,0,0.0,143594813.75
09:39:46 AM,88.25,2725,240481.25,143835295.0
09:39:46 AM,88.3,0,0.0,143835295.0
09:39:47 AM,87.95,0,0.0,143835295.0
09:39:48 AM,88.65,2275,201678.75,144036973.75
09:39:49 AM,89.45,0,0.0,144036973.75
09:39:49 AM,89.3,5900,526870.0,144563843.75
09:39:50 AM,90.0,0,0.0,144563843.75
09:39:51 AM,89.3,2950,263435.0,144827278.75
09:39:51 AM,89.45,0,0.0,144827278.75
09:39:52 AM,90.1,0,0.0,144827278.75
09:39:53 AM,89.75,4350,390412.5,145217691.25
09:39:54 AM,89.6,0,0.0,145217691.25
09:39:54 AM,89.1,1550,138105.0,145355796.25
09:39:55 AM,90.0,0,0.0,145355796.25
09:39:56 AM,88.9,2475,220027.5,145575823.75
09:39:56 AM,89.15,0,0.0,145575823.75
09:39:57 AM,89.3,0,0.0,145575823.75
09:39:58 AM,89.4,2850,254790.00000000003,145830613.75
09:39:58 AM,89.3,0,0.0,145830613.75
09:39:59 AM,88.75,2300,204125.0,146034738.75
09:39:59 AM,88.95,0,0.0,146034738.75
09:40:00 AM,91.25,0,0.0,146034738.75
09:40:01 AM,91.8,7125,654075.0,146688813.75
09:40:01 AM,90.85,0,0.0,146688813.75
09:40:02 AM,92.35,0,0.0,146688813.75
09:40:03 AM,92.4,5000,462000.0,147150813.75
09:40:03 AM,92.45,0,0.0,147150813.75
09:40:04 AM,91.5,2125,194437.5,147345251.25
09:40:04 AM,92.05,0,0.0,147345251.25
09:40:05 AM,92.6,0,0.0,147345251.25
09:40:06 AM,92.3,4500,415350.0,147760601.25
09:40:06 AM,92.85,0,0.0,147760601.25
09:40:07 AM,92.35,0,0.0,147760601.25
09:40:08 AM,92.45,5825,538521.25,148299122.5
09:40:08 AM,94.0,0,0.0,148299122.5
09:40:09 AM,93.75,6400,600000.0,148899122.5
09:40:10 AM,93.25,0,0.0,148899122.5
09:40:11 AM,93.2,6575,612790.0,149511912.5
09:40:11 AM,93.0,0,0.0,149511912.5
09:40:12 AM,91.65,0,0.0,149511912.5
09:40:13 AM,91.55,2850,260917.5,149772830.0
09:40:13 AM,91.9,0,0.0,149772830.0
09:40:14 AM,94.15,29625,2789193.75,152562023.75
09:40:15 AM,93.6,0,0.0,152562023.75
09:40:16 AM,94.95,23350,2217082.5,154779106.25
09:40:16 AM,94.8,0,0.0,154779106.25
09:40:17 AM,95.0,0,0.0,154779106.25
09:40:18 AM,95.2,10250,975800.0,155754906.25
09:40:18 AM,96.65,0,0.0,155754906.25
09:40:19 AM,97.15,14500,1408675.0,157163581.25
09:40:19 AM,96.8,0,0.0,157163581.25
09:40:20 AM,95.25,0,0.0,157163581.25
09:40:21 AM,95.3,5500,524150.0,157687731.25
09:40:21 AM,95.7,0,0.0,157687731.25
09:40:22 AM,95.35,0,0.0,157687731.25
09:40:23 AM,95.65,5525,528466.25,158216197.5
09:40:23 AM,95.2,0,0.0,158216197.5
09:40:24 AM,95.5,2975,284112.5,158500310.0
09:40:24 AM,94.95,0,0.0,158500310.0
09:40:25 AM,96.0,0,0.0,158500310.0
09:40:26 AM,95.55,3700,353535.0,158853845.0
09:40:26 AM,96.35,0,0.0,158853845.0
09:40:27 AM,97.0,0,0.0,158853845.0
09:40:28 AM,96.85,1250,121062.5,158974907.5
09:40:28 AM,97.05,0,0.0,158974907.5
09:40:29 AM,95.55,3425,327258.75,159302166.25
09:40:30 AM,94.15,0,0.0,159302166.25
09:40:31 AM,94.0,7525,707350.0,160009516.25
09:40:31 AM,94.45,0,0.0,160009516.25
09:40:32 AM,93.8,0,0.0,160009516.25
09:40:33 AM,94.45,9975,942138.75,160951655.0
09:40:33 AM,94.1,0,0.0,160951655.0
09:40:34 AM,95.3,4975,474117.5,161425772.5
09:40:35 AM,94.55,0,0.0,161425772.5
09:40:36 AM,94.5,16350,1545075.0,162970847.5
09:40:36 AM,94.35,0,0.0,162970847.5
09:40:37 AM,94.3,0,0.0,162970847.5
09:40:38 AM,94.15,1950,183592.5,163154440.0
09:40:38 AM,93.85,0,0.0,163154440.0
09:40:39 AM,93.45,6725,628451.25,163782891.25
09:40:40 AM,93.4,0,0.0,163782891.25
09:40:41 AM,92.5,3975,367687.5,164150578.75
09:40:41 AM,91.5,0,0.0,164150578.75
09:40:42 AM,89.95,0,0.0,164150578.75
09:40:43 AM,89.9,5200,467480.00000000006,164618058.75
09:40:43 AM,90.1,0,0.0,164618058.75
09:40:44 AM,90.6,5850,530010.0,165148068.75
09:40:44 AM,91.1,0,0.0,165148068.75
09:40:45 AM,89.45,0,0.0,165148068.75
09:40:46 AM,89.65,20325,1822136.25,166970205.0
09:40:46 AM,90.2,0,0.0,166970205.0
09:40:47 AM,91.15,0,0.0,166970205.0
09:40:48 AM,91.3,3750,342375.0,167312580.0
09:40:48 AM,92.95,0,0.0,167312580.0
09:40:49 AM,93.75,4550,426562.5,167739142.5
09:40:49 AM,94.15,0,0.0,167739142.5
09:40:50 AM,95.0,0,0.0,167739142.5
09:40:51 AM,94.65,1675,158538.75,167897681.25
09:40:51 AM,94.15,0,0.0,167897681.25
09:40:52 AM,94.5,0,0.0,167897681.25
09:40:53 AM,94.5,1700,160650.0,168058331.25
09:40:53 AM,93.4,0,0.0,168058331.25
09:40:54 AM,93.85,1200,112620.0,168170951.25
09:40:54 AM,93.6,0,0.0,168170951.25
09:40:55 AM,93.25,0,0.0,168170951.25
09:40:56 AM,92.5,2350,217375.0,168388326.25
09:40:56 AM,92.2,0,0.0,168388326.25
09:40:57 AM,92.25,3175,292893.75,168681220.0
09:40:58 AM,93.0,0,0.0,168681220.0
09:40:59 AM,92.35,3525,325533.75,169006753.75
09:40:59 AM,92.6,0,0.0,169006753.75
09:41:00 AM,94.35,0,0.0,169006753.75
09:41:01 AM,94.35,3275,308996.25,169315750.0
09:41:01 AM,94.5,0,0.0,169315750.0
09:41:02 AM,94.35,0,0.0,169315750.0
09:41:02 AM,94.6,1425,134805.0,169450555.0
09:41:03 AM,94.7,0,0.0,169450555.0
09:41:04 AM,93.35,6725,627778.75,170078333.75
09:41:04 AM,93.05,0,0.0,170078333.75
09:41:05 AM,92.6,0,0.0,170078333.75
09:41:06 AM,92.9,1650,153285.0,170231618.75
09:41:06 AM,92.55,0,0.0,170231618.75
09:41:07 AM,92.6,0,0.0,170231618.75
09:41:07 AM,92.6,2550,236130.0,170467748.75
09:41:08 AM,93.45,0,0.0,170467748.75
09:41:09 AM,93.15,1550,144382.5,170612131.25
09:41:09 AM,93.8,0,0.0,170612131.25
09:41:10 AM,92.55,0,0.0,170612131.25
09:41:11 AM,92.6,2625,243074.99999999997,170855206.25
09:41:11 AM,93.45,0,0.0,170855206.25
09:41:12 AM,93.8,0,0.0,170855206.25
09:41:12 AM,93.8,2025,189945.0,171045151.25
09:41:13 AM,91.95,0,0.0,171045151.25
09:41:14 AM,91.8,6250,573750.0,171618901.25
09:41:14 AM,91.0,0,0.0,171618901.25
09:41:15 AM,90.65,1475,133708.75,171752610.0
09:41:16 AM,90.4,0,0.0,171752610.0
09:41:17 AM,90.6,4175,378255.0,172130865.0
09:41:17 AM,90.7,0,0.0,172130865.0
09:41:19 AM,91.5,1900,173850.0,172304715.0
09:41:19 AM,91.8,0,0.0,172304715.0
09:41:20 AM,91.0,0,0.0,172304715.0
09:41:20 AM,91.0,925,84175.0,172388890.0
09:41:21 AM,92.05,0,0.0,172388890.0
09:41:22 AM,91.85,0,0.0,172388890.0
09:41:22 AM,91.8,1225,112455.0,172501345.0
09:41:23 AM,90.25,0,0.0,172501345.0
09:41:24 AM,91.05,2225,202586.25,172703931.25
09:41:24 AM,91.5,0,0.0,172703931.25
09:41:25 AM,91.55,0,0.0,172703931.25
09:41:25 AM,91.2,2375,216600.0,172920531.25
09:41:26 AM,92.25,0,0.0,172920531.25
09:41:27 AM,92.8,7400,686720.0,173607251.25
09:41:27 AM,93.0,0,0.0,173607251.25
09:41:28 AM,93.15,0,0.0,173607251.25
09:41:29 AM,93.0,4475,416175.0,174023426.25
09:41:29 AM,92.85,0,0.0,174023426.25
09:41:30 AM,91.15,0,0.0,174023426.25
09:41:31 AM,91.15,4700,428405.0,174451831.25
09:41:31 AM,91.2,0,0.0,174451831.25
09:41:32 AM,90.3,2275,205432.5,174657263.75
09:41:33 AM,90.6,0,0.0,174657263.75
09:41:34 AM,91.1,3250,296075.0,174953338.75
09:41:34 AM,91.85,0,0.0,174953338.75
09:41:35 AM,90.75,0,0.0,174953338.75
09:41:36 AM,90.5,5300,479650.0,175432988.75
09:41:36 AM,89.85,0,0.0,175432988.75
09:41:37 AM,90.4,7325,662180.0,176095168.75
09:41:37 AM,90.25,0,0.0,176095168.75
09:41:38 AM,90.4,0,0.0,176095168.75
09:41:39 AM,90.8,6450,585660.0,176680828.75
09:41:39 AM,91.65,0,0.0,176680828.75
09:41:40 AM,91.25,0,0.0,176680828.75
09:41:41 AM,91.25,2975,271468.75,176952297.5
09:41:41 AM,91.2,0,0.0,176952297.5
09:41:42 AM,91.3,2200,200860.0,177153157.5
09:41:42 AM,90.9,0,0.0,177153157.5
09:41:43 AM,90.35,0,0.0,177153157.5
09:41:44 AM,89.6,10525,943039.9999999999,178096197.5
09:41:44 AM,89.0,0,0.0,178096197.5
09:41:45 AM,86.8,0,0.0,178096197.5
09:41:46 AM,87.35,13250,1157387.5,179253585.0
09:41:46 AM,86.9,0,0.0,179253585.0
09:41:47 AM,85.1,7075,602082.5,179855667.5
09:41:47 AM,85.45,0,0.0,179855667.5
09:41:48 AM,85.35,0,0.0,179855667.5
09:41:49 AM,85.25,5950,507237.5,180362905.0
09:41:49 AM,86.15,0,0.0,180362905.0
09:41:50 AM,86.85,0,0.0,180362905.0
09:41:51 AM,86.95,4950,430402.5,180793307.5
09:41:51 AM,86.2,0,0.0,180793307.5
09:41:52 AM,85.3,2600,221780.0,181015087.5
09:41:52 AM,85.45,0,0.0,181015087.5
09:41:53 AM,85.95,0,0.0,181015087.5
09:41:54 AM,86.45,3125,270156.25,181285243.75
09:41:54 AM,87.1,0,0.0,181285243.75
09:41:55 AM,87.9,0,0.0,181285243.75
09:41:56 AM,87.9,3200,281280.0,181566523.75
09:41:56 AM,88.65,0,0.0,181566523.75
09:41:57 AM,88.3,1850,163355.0,181729878.75
09:41:57 AM,88.2,0,0.0,181729878.75
09:41:58 AM,88.45,0,0.0,181729878.75
09:41:59 AM,88.45,2000,176900.0,181906778.75
09:41:59 AM,88.25,0,0.0,181906778.75
09:42:00 AM,87.1,0,0.0,181906778.75
09:42:01 AM,88.1,2550,224655.0,182131433.75
09:42:01 AM,90.45,0,0.0,182131433.75
09:42:02 AM,91.15,1925,175463.75,182306897.5
09:42:03 AM,90.75,0,0.0,182306897.5
09:42:04 AM,90.8,3025,274670.0,182581567.5
09:42:05 AM,90.25,0,0.0,182581567.5
09:42:06 AM,90.45,1400,126630.0,182708197.5
09:42:06 AM,89.05,0,0.0,182708197.5
09:42:07 AM,89.35,1625,145193.75,182853391.25
09:42:07 AM,89.4,0,0.0,182853391.25
09:42:08 AM,88.15,0,0.0,182853391.25
09:42:09 AM,88.95,1450,128977.5,182982368.75
09:42:10 AM,87.85,0,0.0,182982368.75
09:42:11 AM,87.95,3200,281440.0,183263808.75
09:42:11 AM,87.55,0,0.0,183263808.75
09:42:12 AM,87.65,1875,164343.75,183428152.5
09:42:12 AM,87.45,0,0.0,183428152.5
09:42:13 AM,88.1,0,0.0,183428152.5
09:42:14 AM,88.8,3775,335220.0,183763372.5
09:42:14 AM,89.05,0,0.0,183763372.5
09:42:15 AM,90.7,0,0.0,183763372.5
09:42:16 AM,91.4,4400,402160.0,184165532.5
09:42:16 AM,91.65,0,0.0,184165532.5
09:42:17 AM,91.95,2325,213783.75,184379316.25
09:42:17 AM,92.15,0,0.0,184379316.25
09:42:19 AM,91.55,0,0.0,184379316.25
09:42:19 AM,90.7,1525,138317.5,184517633.75
09:42:19 AM,90.15,0,0.0,184517633.75
09:42:21 AM,90.1,2300,207230.0,184724863.75
09:42:21 AM,89.65,0,0.0,184724863.75
09:42:22 AM,89.6,1475,132160.0,184857023.75
09:42:23 AM,89.7,0,0.0,184857023.75
09:42:23 AM,89.75,0,0.0,184857023.75
09:42:24 AM,90.5,2075,187787.5,185044811.25
09:42:24 AM,90.2,0,0.0,185044811.25
09:42:25 AM,89.95,0,0.0,185044811.25
09:42:26 AM,90.05,1625,146331.25,185191142.5
09:42:26 AM,90.0,0,0.0,185191142.5
09:42:27 AM,90.1,1925,173442.5,185364585.0
09:42:27 AM,90.45,0,0.0,185364585.0
09:42:28 AM,89.65,0,0.0,185364585.0
09:42:29 AM,89.0,3450,307050.0,185671635.0
09:42:30 AM,89.25,0,0.0,185671635.0
09:42:30 AM,90.6,0,0.0,185671635.0
09:42:31 AM,90.65,2150,194897.5,185866532.5
09:42:31 AM,91.05,0,0.0,185866532.5
09:42:32 AM,90.6,1125,101925.0,185968457.5
09:42:34 AM,89.05,0,0.0,185968457.5
09:42:34 AM,89.6,1500,134400.0,186102857.5
09:42:35 AM,89.5,0,0.0,186102857.5
09:42:36 AM,89.5,925,82787.5,186185645.0
09:42:36 AM,90.7,0,0.0,186185645.0
09:42:37 AM,90.65,775,70253.75,186255898.75
09:42:38 AM,89.25,0,0.0,186255898.75
09:42:39 AM,89.25,2850,254362.5,186510261.25
09:42:39 AM,89.0,0,0.0,186510261.25
09:42:40 AM,89.1,0,0.0,186510261.25
09:42:41 AM,89.15,3500,312025.0,186822286.25
09:42:42 AM,88.85,0,0.0,186822286.25
09:42:42 AM,88.85,1925,171036.25,186993322.5
09:42:43 AM,90.0,0,0.0,186993322.5
09:42:44 AM,89.7,600,53820.0,187047142.5
09:42:44 AM,89.4,0,0.0,187047142.5
09:42:46 AM,88.65,0,0.0,187047142.5
09:42:46 AM,88.65,575,50973.75,187098116.25
09:42:46 AM,89.05,0,0.0,187098116.25
09:42:47 AM,88.75,2275,201906.25,187300022.5
09:42:47 AM,89.1,0,0.0,187300022.5
09:42:48 AM,89.7,0,0.0,187300022.5
09:42:49 AM,90.3,550,49665.0,187349687.5
09:42:50 AM,89.85,0,0.0,187349687.5
09:42:51 AM,89.6,1675,150080.0,187499767.5
09:42:52 AM,89.2,275,24530.0,187524297.5
09:42:52 AM,89.25,0,0.0,187524297.5
09:42:53 AM,89.9,0,0.0,187524297.5
09:42:54 AM,89.7,1975,177157.5,187701455.0
09:42:54 AM,89.55,0,0.0,187701455.0
09:42:55 AM,89.6,0,0.0,187701455.0
09:42:55 AM,89.6,225,20160.0,187721615.0
09:42:56 AM,89.0,0,0.0,187721615.0
09:42:57 AM,88.25,1725,152231.25,187873846.25
09:42:58 AM,88.65,0,0.0,187873846.25
09:42:58 AM,89.35,0,0.0,187873846.25
09:42:59 AM,89.75,2400,215400.0,188089246.25
09:42:59 AM,91.45,0,0.0,188089246.25
09:43:00 AM,90.2,4825,435215.0,188524461.25
09:43:01 AM,90.95,0,0.0,188524461.25
09:43:02 AM,91.75,2000,183500.0,188707961.25
09:43:04 AM,91.45,0,0.0,188707961.25
09:43:04 AM,91.3,4625,422262.5,189130223.75
09:43:04 AM,91.25,0,0.0,189130223.75
09:43:05 AM,91.1,0,0.0,189130223.75
09:43:05 AM,90.9,750,68175.0,189198398.75
09:43:06 AM,91.15,0,0.0,189198398.75
09:43:07 AM,91.1,2800,255079.99999999997,189453478.75
09:43:07 AM,91.05,0,0.0,189453478.75
09:43:09 AM,90.65,0,0.0,189453478.75
09:43:09 AM,90.85,1725,156716.25,189610195.0
09:43:09 AM,91.1,0,0.0,189610195.0
09:43:10 AM,91.05,0,0.0,189610195.0
09:43:10 AM,91.05,2350,213967.5,189824162.5
09:43:11 AM,91.0,0,0.0,189824162.5
09:43:12 AM,89.35,6375,569606.25,190393768.75
09:43:12 AM,89.6,0,0.0,190393768.75
09:43:14 AM,89.4,0,0.0,190393768.75
09:43:14 AM,89.05,3000,267150.0,190660918.75
09:43:14 AM,88.95,0,0.0,190660918.75
09:43:15 AM,89.9,0,0.0,190660918.75
09:43:15 AM,89.9,2350,211265.0,190872183.75
09:43:17 AM,90.65,0,0.0,190872183.75
09:43:17 AM,91.2,10925,996360.0,191868543.75
09:43:18 AM,89.6,0,0.0,191868543.75
09:43:19 AM,89.25,6875,613593.75,192482137.5
09:43:19 AM,88.9,0,0.0,192482137.5
09:43:20 AM,89.6,0,0.0,192482137.5
09:43:20 AM,89.6,2150,192640.0,192674777.5
09:43:21 AM,90.4,0,0.0,192674777.5
09:43:22 AM,90.55,1250,113187.5,192787965.0
09:43:23 AM,91.0,0,0.0,192787965.0
09:43:24 AM,91.2,4375,399000.0,193186965.0
09:43:24 AM,91.3,0,0.0,193186965.0
09:43:26 AM,93.1,0,0.0,193186965.0
09:43:26 AM,93.3,5325,496822.5,193683787.5
09:43:27 AM,93.35,0,0.0,193683787.5
09:43:27 AM,93.3,6700,625110.0,194308897.5
09:43:28 AM,94.45,0,0.0,194308897.5
09:43:29 AM,94.55,3150,297832.5,194606730.0
09:43:30 AM,94.05,0,0.0,194606730.0
09:43:30 AM,94.0,0,0.0,194606730.0
09:43:31 AM,94.5,17225,1627762.5,196234492.5
09:43:31 AM,94.45,0,0.0,196234492.5
09:43:32 AM,94.25,3000,282750.0,196517242.5
09:43:32 AM,94.55,0,0.0,196517242.5
09:43:34 AM,95.15,0,0.0,196517242.5
09:43:34 AM,95.0,17850,1695750.0,198212992.5
09:43:34 AM,95.1,0,0.0,198212992.5
09:43:35 AM,96.0,0,0.0,198212992.5
09:43:36 AM,96.05,3175,304958.75,198517951.25
09:43:36 AM,96.2,0,0.0,198517951.25
09:43:37 AM,96.0,2350,225600.0,198743551.25
09:43:39 AM,96.2,0,0.0,198743551.25
09:43:39 AM,96.15,12575,1209086.25,199952637.5
09:43:39 AM,96.05,0,0.0,199952637.5
09:43:40 AM,96.3,0,0.0,199952637.5
09:43:41 AM,95.85,2025,194096.25,200146733.75
09:43:41 AM,96.45,0,0.0,200146733.75
09:43:42 AM,96.75,10175,984431.25,201131165.0
09:43:44 AM,98.35,0,0.0,201131165.0
09:43:44 AM,98.55,22225,2190273.75,203321438.75
