date,price,qty,trnvr,cum_trnvr
09:15:01 AM,367.7,425,156272.5,156272.5
09:15:02 AM,363.75,0,0.0,156272.5
09:15:02 AM,361.25,250,90312.5,246585.0
09:15:03 AM,360.05,0,0.0,246585.0
09:15:03 AM,363.55,0,0.0,246585.0
09:15:04 AM,358.75,400,143500.0,390085.0
09:15:04 AM,362.85,0,0.0,390085.0
09:15:05 AM,362.85,75,27213.75,417298.75
09:15:07 AM,365.85,0,0.0,417298.75
09:15:07 AM,365.85,25,9146.25,426445.0
09:15:10 AM,361.45,0,0.0,426445.0
09:15:10 AM,361.45,25,9036.25,435481.25
09:15:13 AM,357.45,0,0.0,435481.25
09:15:13 AM,357.45,25,8936.25,444417.5
09:15:14 AM,357.5,0,0.0,444417.5
09:15:15 AM,357.5,25,8937.5,453355.0
09:15:15 AM,358.05,0,0.0,453355.0
09:15:16 AM,357.55,150,53632.5,506987.5
09:15:16 AM,357.0,0,0.0,506987.5
09:15:17 AM,357.0,75,26775.0,533762.5
09:15:18 AM,354.1,0,0.0,533762.5
09:15:18 AM,354.1,25,8852.5,542615.0
09:15:18 AM,357.2,0,0.0,542615.0
09:15:19 AM,357.2,50,17860.0,560475.0
09:15:19 AM,356.9,0,0.0,560475.0
09:15:20 AM,356.9,50,17845.0,578320.0
09:15:21 AM,358.55,0,0.0,578320.0
09:15:21 AM,359.0,50,17950.0,596270.0
09:15:21 AM,360.45,0,0.0,596270.0
09:15:22 AM,360.45,25,9011.25,605281.25
09:15:22 AM,359.6,0,0.0,605281.25
09:15:23 AM,359.15,150,53872.5,659153.75
09:15:24 AM,357.9,0,0.0,659153.75
09:15:24 AM,360.5,50,18025.0,677178.75
09:15:25 AM,359.85,0,0.0,677178.75
09:15:26 AM,359.85,25,8996.25,686175.0
09:15:27 AM,358.2,0,0.0,686175.0
09:15:28 AM,358.2,25,8955.0,695130.0
09:15:28 AM,359.15,0,0.0,695130.0
09:15:28 AM,360.6,0,0.0,695130.0
09:15:29 AM,360.2,125,45025.0,740155.0
09:15:30 AM,358.55,0,0.0,740155.0
09:15:30 AM,358.55,75,26891.25,767046.25
09:15:32 AM,359.25,0,0.0,767046.25
09:15:32 AM,359.5,50,17975.0,785021.25
09:15:34 AM,355.8,0,0.0,785021.25
09:15:34 AM,351.7,200,70340.0,855361.25
09:15:35 AM,350.1,150,52515.0,907876.25
09:15:36 AM,349.7,0,0.0,907876.25
09:15:37 AM,349.7,50,17485.0,925361.25
09:15:39 AM,349.55,0,0.0,925361.25
09:15:39 AM,349.55,50,17477.5,942838.75
09:15:39 AM,348.05,0,0.0,942838.75
09:15:40 AM,349.05,75,26178.75,969017.5
09:15:40 AM,347.9,0,0.0,969017.5
09:15:41 AM,347.9,25,8697.5,977715.0
09:15:43 AM,342.85,0,0.0,977715.0
09:15:43 AM,342.85,475,162853.75,1140568.75
09:15:44 AM,341.8,0,0.0,1140568.75
09:15:44 AM,341.7,75,25627.5,1166196.25
09:15:45 AM,341.35,0,0.0,1166196.25
09:15:45 AM,341.35,50,17067.5,1183263.75
09:15:45 AM,341.65,0,0.0,1183263.75
09:15:46 AM,341.65,25,8541.25,1191805.0
09:15:47 AM,341.45,0,0.0,1191805.0
09:15:47 AM,343.2,0,0.0,1191805.0
09:15:47 AM,344.8,175,60340.0,1252145.0
09:15:51 AM,341.9,0,0.0,1252145.0
09:15:51 AM,341.9,25,8547.5,1260692.5
09:15:51 AM,341.75,0,0.0,1260692.5
09:15:52 AM,341.75,25,8543.75,1269236.25
09:15:54 AM,340.9,0,0.0,1269236.25
09:15:54 AM,340.9,25,8522.5,1277758.75
09:15:54 AM,338.6,0,0.0,1277758.75
09:15:55 AM,339.7,75,25477.5,1303236.25
09:15:57 AM,337.0,0,0.0,1303236.25
09:15:57 AM,337.0,50,16850.0,1320086.25
09:15:57 AM,336.65,0,0.0,1320086.25
09:15:58 AM,336.55,75,25241.25,1345327.5
09:16:00 AM,335.4,0,0.0,1345327.5
09:16:00 AM,335.5,150,50325.0,1395652.5
09:16:02 AM,335.2,0,0.0,1395652.5
09:16:02 AM,335.2,25,8380.0,1404032.5
09:16:02 AM,338.25,0,0.0,1404032.5
09:16:03 AM,338.25,550,186037.5,1590070.0
09:16:04 AM,339.25,0,0.0,1590070.0
09:16:05 AM,339.25,25,8481.25,1598551.25
09:16:05 AM,338.5,0,0.0,1598551.25
09:16:06 AM,337.9,175,59132.49999999999,1657683.75
09:16:09 AM,335.5,0,0.0,1657683.75
09:16:10 AM,336.75,0,0.0,1657683.75
09:16:10 AM,336.75,100,33675.0,1691358.75
09:16:15 AM,334.15,0,0.0,1691358.75
09:16:15 AM,333.5,625,208437.5,1899796.25
09:16:16 AM,335.35,25,8383.75,1908180.0
09:16:18 AM,337.5,0,0.0,1908180.0
09:16:18 AM,337.5,25,8437.5,1916617.5
09:16:20 AM,338.05,0,0.0,1916617.5
09:16:20 AM,338.05,25,8451.25,1925068.75
09:16:22 AM,339.95,0,0.0,1925068.75
09:16:23 AM,338.75,0,0.0,1925068.75
09:16:23 AM,338.75,50,16937.5,1942006.25
09:16:24 AM,340.35,0,0.0,1942006.25
09:16:24 AM,340.35,50,17017.5,1959023.75
09:16:26 AM,342.35,0,0.0,1959023.75
09:16:26 AM,342.35,25,8558.75,1967582.5
09:16:29 AM,338.55,0,0.0,1967582.5
09:16:30 AM,337.95,150,50692.5,2018275.0
09:16:31 AM,338.4,0,0.0,2018275.0
09:16:32 AM,339.4,50,16970.0,2035245.0
09:16:33 AM,340.0,0,0.0,2035245.0
09:16:33 AM,340.0,175,59500.0,2094745.0
09:16:33 AM,339.75,0,0.0,2094745.0
09:16:34 AM,339.75,100,33975.0,2128720.0
09:16:34 AM,338.45,0,0.0,2128720.0
09:16:35 AM,338.45,200,67690.0,2196410.0
09:16:38 AM,337.9,0,0.0,2196410.0
09:16:39 AM,339.7,0,0.0,2196410.0
09:16:39 AM,339.7,75,25477.5,2221887.5
09:16:40 AM,339.35,0,0.0,2221887.5
09:16:40 AM,339.35,75,25451.25,2247338.75
09:16:41 AM,339.3,0,0.0,2247338.75
09:16:41 AM,338.8,475,160930.0,2408268.75
09:16:41 AM,338.6,0,0.0,2408268.75
09:16:42 AM,337.15,75,25286.25,2433555.0
09:16:43 AM,337.5,25,8437.5,2441992.5
09:16:45 AM,337.75,0,0.0,2441992.5
09:16:45 AM,335.9,50,16795.0,2458787.5
09:16:46 AM,338.05,0,0.0,2458787.5
09:16:46 AM,338.05,175,59158.75,2517946.25
09:16:47 AM,336.5,0,0.0,2517946.25
09:16:47 AM,336.5,125,42062.5,2560008.75
09:16:49 AM,336.15,0,0.0,2560008.75
09:16:49 AM,336.15,50,16807.5,2576816.25
09:16:54 AM,338.85,0,0.0,2576816.25
09:16:54 AM,338.9,75,25417.5,2602233.75
09:16:54 AM,337.4,0,0.0,2602233.75
09:16:55 AM,337.4,25,8435.0,2610668.75
09:16:56 AM,339.9,0,0.0,2610668.75
09:16:56 AM,339.9,25,8497.5,2619166.25
09:16:58 AM,338.25,0,0.0,2619166.25
09:16:58 AM,339.5,0,0.0,2619166.25
09:16:58 AM,339.5,50,16975.0,2636141.25
09:17:01 AM,339.5,50,16975.0,2653116.25
09:17:02 AM,335.1,0,0.0,2653116.25
09:17:02 AM,335.1,450,150795.0,2803911.25
09:17:03 AM,335.35,0,0.0,2803911.25
09:17:03 AM,335.35,25,8383.75,2812295.0
09:17:04 AM,334.6,0,0.0,2812295.0
09:17:04 AM,334.55,275,92001.25,2904296.25
09:17:04 AM,333.6,0,0.0,2904296.25
09:17:05 AM,333.6,475,158460.0,3062756.25
09:17:18 AM,345.8,0,0.0,3062756.25
09:17:18 AM,345.8,50,17290.0,3080046.25
09:17:19 AM,346.4,0,0.0,3080046.25
09:17:19 AM,346.4,25,8660.0,3088706.25
09:17:20 AM,345.15,0,0.0,3088706.25
09:17:20 AM,345.15,25,8628.75,3097335.0
09:17:21 AM,344.8,0,0.0,3097335.0
09:17:21 AM,344.8,25,8620.0,3105955.0
09:17:22 AM,342.85,0,0.0,3105955.0
09:17:23 AM,342.85,25,8571.25,3114526.25
09:17:33 AM,343.7,0,0.0,3114526.25
09:17:34 AM,343.7,25,8592.5,3123118.75
09:17:37 AM,345.45,0,0.0,3123118.75
09:17:38 AM,345.1,0,0.0,3123118.75
09:17:38 AM,345.1,150,51765.0,3174883.75
09:17:40 AM,345.05,0,0.0,3174883.75
09:17:40 AM,345.95,2025,700548.75,3875432.5
09:17:45 AM,351.75,0,0.0,3875432.5
09:17:45 AM,351.75,25,8793.75,3884226.25
09:17:46 AM,353.0,0,0.0,3884226.25
09:17:46 AM,353.0,75,26475.0,3910701.25
09:17:46 AM,353.85,0,0.0,3910701.25
09:17:47 AM,353.6,1025,362440.0,4273141.25
09:17:50 AM,351.7,0,0.0,4273141.25
09:17:50 AM,351.7,50,17585.0,4290726.25
09:17:51 AM,352.9,0,0.0,4290726.25
09:17:51 AM,351.55,1950,685522.5,4976248.75
09:17:54 AM,350.15,0,0.0,4976248.75
09:17:55 AM,350.15,100,35015.0,5011263.75
09:17:55 AM,350.8,0,0.0,5011263.75
09:17:56 AM,350.8,25,8770.0,5020033.75
09:17:57 AM,349.15,0,0.0,5020033.75
09:17:58 AM,349.15,100,34915.0,5054948.75
09:18:01 AM,348.65,0,0.0,5054948.75
09:18:01 AM,348.65,25,8716.25,5063665.0
09:18:02 AM,349.2,0,0.0,5063665.0
09:18:02 AM,349.2,50,17460.0,5081125.0
09:18:03 AM,347.9,0,0.0,5081125.0
09:18:03 AM,347.9,75,26092.5,5107217.5
09:18:04 AM,347.8,0,0.0,5107217.5
09:18:04 AM,347.8,50,17390.0,5124607.5
09:18:06 AM,346.0,0,0.0,5124607.5
09:18:07 AM,346.0,25,8650.0,5133257.5
09:18:08 AM,344.3,0,0.0,5133257.5
09:18:09 AM,344.3,50,17215.0,5150472.5
09:18:20 AM,355.6,0,0.0,5150472.5
09:18:21 AM,355.6,50,17780.0,5168252.5
09:18:24 AM,353.3,0,0.0,5168252.5
09:18:25 AM,353.3,50,17665.0,5185917.5
09:18:30 AM,355.1,0,0.0,5185917.5
09:18:30 AM,355.1,250,88775.0,5274692.5
09:18:34 AM,357.65,0,0.0,5274692.5
09:18:35 AM,358.8,0,0.0,5274692.5
09:18:35 AM,357.85,575,205763.75,5480456.25
09:18:36 AM,358.75,0,0.0,5480456.25
09:18:37 AM,356.8,400,142720.0,5623176.25
09:18:38 AM,361.0,0,0.0,5623176.25
09:18:38 AM,360.8,2150,775720.0,6398896.25
09:18:41 AM,357.0,0,0.0,6398896.25
09:18:42 AM,357.0,1000,357000.0,6755896.25
09:18:43 AM,357.4,0,0.0,6755896.25
09:18:43 AM,358.95,75,26921.25,6782817.5
09:18:45 AM,355.95,0,0.0,6782817.5
09:18:45 AM,355.95,1000,355950.0,7138767.5
09:18:47 AM,356.5,0,0.0,7138767.5
09:18:47 AM,356.5,25,8912.5,7147680.0
09:18:48 AM,358.5,0,0.0,7147680.0
09:18:48 AM,358.5,1000,358500.0,7506180.0
09:18:52 AM,357.85,0,0.0,7506180.0
09:18:52 AM,357.85,1700,608345.0,8114525.0
09:18:53 AM,359.3,0,0.0,8114525.0
09:18:53 AM,359.3,25,8982.5,8123507.5
09:18:56 AM,358.1,0,0.0,8123507.5
09:18:56 AM,358.65,0,0.0,8123507.5
09:18:57 AM,358.65,50,17932.5,8141440.0
09:19:00 AM,356.3,0,0.0,8141440.0
09:19:00 AM,356.3,25,8907.5,8150347.5
09:19:01 AM,354.15,0,0.0,8150347.5
09:19:02 AM,354.15,1800,637470.0,8787817.5
09:19:03 AM,352.95,0,0.0,8787817.5
09:19:03 AM,352.95,25,8823.75,8796641.25
09:19:05 AM,354.4,0,0.0,8796641.25
09:19:05 AM,354.4,25,8860.0,8805501.25
09:19:05 AM,354.75,0,0.0,8805501.25
09:19:06 AM,353.0,0,0.0,8805501.25
09:19:07 AM,353.0,1075,379475.0,9184976.25
09:19:11 AM,356.0,0,0.0,9184976.25
09:19:12 AM,356.0,100,35600.0,9220576.25
09:19:13 AM,352.35,0,0.0,9220576.25
09:19:13 AM,352.35,50,17617.5,9238193.75
09:19:29 AM,351.6,0,0.0,9238193.75
09:19:30 AM,353.45,0,0.0,9238193.75
09:19:30 AM,353.45,50,17672.5,9255866.25
09:19:34 AM,348.1,0,0.0,9255866.25
09:19:35 AM,348.2,0,0.0,9255866.25
09:19:35 AM,348.2,450,156690.0,9412556.25
09:19:38 AM,347.45,0,0.0,9412556.25
09:19:39 AM,347.5,800,278000.0,9690556.25
09:19:40 AM,348.7,0,0.0,9690556.25
09:19:40 AM,347.35,75,26051.25,9716607.5
09:19:42 AM,347.5,0,0.0,9716607.5
09:19:43 AM,347.1,0,0.0,9716607.5
09:19:44 AM,347.1,2350,815685.0,10532292.5
09:19:44 AM,347.2,0,0.0,10532292.5
09:19:45 AM,344.8,0,0.0,10532292.5
09:19:45 AM,344.8,725,249980.0,10782272.5
09:19:47 AM,346.25,0,0.0,10782272.5
09:19:47 AM,346.25,25,8656.25,10790928.75
09:19:48 AM,345.75,0,0.0,10790928.75
09:19:49 AM,345.6,0,0.0,10790928.75
09:19:49 AM,345.6,100,34560.0,10825488.75
09:19:50 AM,345.55,0,0.0,10825488.75
09:19:50 AM,345.55,25,8638.75,10834127.5
09:19:52 AM,344.65,0,0.0,10834127.5
09:19:53 AM,346.7,0,0.0,10834127.5
09:19:54 AM,345.3,500,172650.0,11006777.5
09:19:55 AM,345.85,0,0.0,11006777.5
09:19:55 AM,346.25,200,69250.0,11076027.5
09:20:00 AM,341.75,0,0.0,11076027.5
09:20:00 AM,342.45,300,102735.0,11178762.5
09:20:02 AM,341.6,0,0.0,11178762.5
09:20:02 AM,341.95,150,51292.5,11230055.0
09:20:03 AM,341.6,0,0.0,11230055.0
09:20:04 AM,341.6,100,34160.0,11264215.0
09:20:05 AM,342.9,0,0.0,11264215.0
09:20:05 AM,343.4,100,34340.0,11298555.0
09:20:07 AM,343.75,0,0.0,11298555.0
09:20:09 AM,343.75,25,8593.75,11307148.75
09:20:09 AM,345.1,0,0.0,11307148.75
09:20:10 AM,341.2,0,0.0,11307148.75
09:20:10 AM,341.2,100,34120.0,11341268.75
09:20:12 AM,342.2,0,0.0,11341268.75
09:20:12 AM,342.2,25,8555.0,11349823.75
09:20:13 AM,342.95,0,0.0,11349823.75
09:20:14 AM,342.95,50,17147.5,11366971.25
09:20:14 AM,344.9,0,0.0,11366971.25
09:20:15 AM,344.9,50,17245.0,11384216.25
09:20:17 AM,343.55,25,8588.75,11392805.0
09:20:20 AM,341.75,0,0.0,11392805.0
09:20:20 AM,342.25,175,59893.75,11452698.75
09:20:24 AM,340.0,0,0.0,11452698.75
09:20:24 AM,340.0,150,51000.0,11503698.75
09:20:25 AM,336.95,0,0.0,11503698.75
09:20:25 AM,336.95,1025,345373.75,11849072.5
09:20:26 AM,336.75,0,0.0,11849072.5
09:20:27 AM,336.55,0,0.0,11849072.5
09:20:27 AM,336.55,50,16827.5,11865900.0
09:20:28 AM,335.1,0,0.0,11865900.0
09:20:29 AM,335.1,50,16755.0,11882655.0
09:20:29 AM,338.75,0,0.0,11882655.0
09:20:30 AM,338.9,0,0.0,11882655.0
09:20:30 AM,338.9,75,25417.5,11908072.5
09:20:31 AM,340.45,0,0.0,11908072.5
09:20:32 AM,340.45,25,8511.25,11916583.75
09:20:33 AM,340.85,0,0.0,11916583.75
09:20:34 AM,341.1,0,0.0,11916583.75
09:20:34 AM,341.1,200,68220.0,11984803.75
09:20:35 AM,340.35,0,0.0,11984803.75
09:20:35 AM,340.35,900,306315.0,12291118.75
09:20:37 AM,340.2,0,0.0,12291118.75
09:20:37 AM,340.2,25,8505.0,12299623.75
09:20:38 AM,341.4,0,0.0,12299623.75
09:20:39 AM,341.4,1000,341400.0,12641023.75
09:20:39 AM,342.65,0,0.0,12641023.75
09:20:40 AM,342.65,25,8566.25,12649590.0
09:20:43 AM,339.15,0,0.0,12649590.0
09:20:44 AM,339.15,100,33915.0,12683505.0
09:20:45 AM,338.2,175,59185.0,12742690.0
09:20:47 AM,341.75,0,0.0,12742690.0
09:20:47 AM,341.75,25,8543.75,12751233.75
09:20:48 AM,341.0,0,0.0,12751233.75
09:20:49 AM,340.25,0,0.0,12751233.75
09:20:49 AM,340.25,175,59543.75,12810777.5
09:20:52 AM,341.0,0,0.0,12810777.5
09:20:52 AM,341.0,25,8525.0,12819302.5
09:20:54 AM,339.15,0,0.0,12819302.5
09:20:55 AM,338.3,0,0.0,12819302.5
09:20:55 AM,338.3,75,25372.5,12844675.0
09:20:56 AM,338.55,0,0.0,12844675.0
09:20:57 AM,338.55,25,8463.75,12853138.75
09:21:01 AM,340.0,0,0.0,12853138.75
09:21:02 AM,339.15,0,0.0,12853138.75
09:21:02 AM,339.15,150,50872.5,12904011.25
09:21:03 AM,339.15,25,8478.75,12912490.0
09:21:04 AM,337.45,0,0.0,12912490.0
09:21:05 AM,338.75,0,0.0,12912490.0
09:21:05 AM,338.75,100,33875.0,12946365.0
09:21:06 AM,339.0,0,0.0,12946365.0
09:21:07 AM,340.3,0,0.0,12946365.0
09:21:07 AM,340.3,50,17015.0,12963380.0
09:21:08 AM,342.35,0,0.0,12963380.0
09:21:08 AM,342.05,125,42756.25,13006136.25
09:21:11 AM,342.7,0,0.0,13006136.25
09:21:12 AM,342.7,50,17135.0,13023271.25
09:21:14 AM,342.45,0,0.0,13023271.25
09:21:15 AM,343.05,0,0.0,13023271.25
09:21:15 AM,343.05,400,137220.0,13160491.25
09:21:20 AM,338.8,0,0.0,13160491.25
09:21:20 AM,338.8,25,8470.0,13168961.25
09:21:23 AM,337.25,0,0.0,13168961.25
09:21:23 AM,337.25,150,50587.5,13219548.75
09:21:26 AM,340.05,0,0.0,13219548.75
09:21:27 AM,340.05,500,170025.0,13389573.75
09:21:27 AM,340.3,0,0.0,13389573.75
09:21:28 AM,340.3,350,119105.0,13508678.75
09:21:31 AM,340.9,0,0.0,13508678.75
09:21:32 AM,342.75,0,0.0,13508678.75
09:21:32 AM,342.75,525,179943.75,13688622.5
09:21:33 AM,342.5,0,0.0,13688622.5
09:21:33 AM,342.5,300,102750.0,13791372.5
09:21:34 AM,342.95,0,0.0,13791372.5
09:21:35 AM,342.95,25,8573.75,13799946.25
09:21:36 AM,341.35,0,0.0,13799946.25
09:21:37 AM,341.35,25,8533.75,13808480.0
09:21:55 AM,340.9,0,0.0,13808480.0
09:21:55 AM,340.9,25,8522.5,13817002.5
09:22:00 AM,335.75,0,0.0,13817002.5
09:22:02 AM,335.75,200,67150.0,13884152.5
09:22:02 AM,335.65,0,0.0,13884152.5
09:22:03 AM,335.7,0,0.0,13884152.5
09:22:03 AM,335.7,225,75532.5,13959685.0
09:22:09 AM,337.65,0,0.0,13959685.0
09:22:10 AM,337.65,50,16882.5,13976567.5
09:22:15 AM,335.85,25,8396.25,13984963.75
09:22:18 AM,338.6,50,16930.0,14001893.75
09:22:25 AM,338.9,0,0.0,14001893.75
09:22:26 AM,338.9,25,8472.5,14010366.25
09:22:33 AM,337.95,0,0.0,14010366.25
09:22:33 AM,337.95,175,59141.25,14069507.5
09:22:35 AM,341.3,0,0.0,14069507.5
09:22:36 AM,341.35,0,0.0,14069507.5
09:22:36 AM,341.35,175,59736.25000000001,14129243.75
09:22:47 AM,337.65,0,0.0,14129243.75
09:22:48 AM,337.65,25,8441.25,14137685.0
09:22:51 AM,335.9,0,0.0,14137685.0
09:22:53 AM,335.9,25,8397.5,14146082.5
09:22:53 AM,333.0,0,0.0,14146082.5
09:22:54 AM,333.0,250,83250.0,14229332.5
09:22:56 AM,332.15,0,0.0,14229332.5
09:22:58 AM,332.15,200,66430.0,14295762.5
09:22:58 AM,330.45,0,0.0,14295762.5
09:22:59 AM,331.05,0,0.0,14295762.5
09:22:59 AM,331.05,150,49657.5,14345420.0
09:23:00 AM,328.95,0,0.0,14345420.0
09:23:01 AM,329.75,0,0.0,14345420.0
09:23:01 AM,329.75,950,313262.5,14658682.5
09:23:02 AM,329.7,0,0.0,14658682.5
09:23:03 AM,329.7,150,49455.0,14708137.5
09:23:04 AM,330.0,0,0.0,14708137.5
09:23:04 AM,330.0,350,115500.0,14823637.5
09:23:05 AM,329.6,0,0.0,14823637.5
09:23:06 AM,329.6,25,8240.0,14831877.5
09:23:15 AM,330.0,0,0.0,14831877.5
09:23:16 AM,330.0,25,8250.0,14840127.5
09:23:21 AM,331.25,0,0.0,14840127.5
09:23:21 AM,331.25,25,8281.25,14848408.75
09:23:23 AM,331.75,0,0.0,14848408.75
09:23:24 AM,331.75,25,8293.75,14856702.5
09:23:25 AM,331.1,0,0.0,14856702.5
09:23:26 AM,331.1,25,8277.5,14864980.0
09:23:29 AM,330.3,0,0.0,14864980.0
09:23:29 AM,330.3,250,82575.0,14947555.0
09:23:33 AM,331.45,0,0.0,14947555.0
09:23:34 AM,331.45,25,8286.25,14955841.25
09:23:37 AM,333.45,0,0.0,14955841.25
09:23:37 AM,333.45,25,8336.25,14964177.5
09:23:38 AM,332.4,0,0.0,14964177.5
09:23:39 AM,332.4,50,16620.0,14980797.5
09:23:40 AM,335.0,0,0.0,14980797.5
09:23:41 AM,335.0,25,8375.0,14989172.5
09:23:42 AM,336.0,0,0.0,14989172.5
09:23:42 AM,338.0,50,16900.0,15006072.5
09:23:44 AM,337.35,0,0.0,15006072.5
09:23:44 AM,337.35,25,8433.75,15014506.25
09:23:45 AM,340.3,0,0.0,15014506.25
09:23:46 AM,342.85,75,25713.75,15040220.0
09:23:47 AM,342.75,0,0.0,15040220.0
09:23:47 AM,342.75,50,17137.5,15057357.5
09:23:49 AM,339.75,0,0.0,15057357.5
09:23:49 AM,339.75,100,33975.0,15091332.5
09:23:51 AM,338.65,0,0.0,15091332.5
09:23:52 AM,338.65,25,8466.25,15099798.75
09:23:53 AM,339.1,0,0.0,15099798.75
09:23:54 AM,339.1,25,8477.5,15108276.25
09:23:57 AM,338.45,0,0.0,15108276.25
09:23:57 AM,336.55,250,84137.5,15192413.75
09:23:59 AM,336.45,0,0.0,15192413.75
09:23:59 AM,336.45,25,8411.25,15200825.0
09:24:06 AM,329.55,0,0.0,15200825.0
09:24:07 AM,329.55,25,8238.75,15209063.75
09:24:08 AM,329.0,0,0.0,15209063.75
09:24:09 AM,329.0,25,8225.0,15217288.75
09:24:09 AM,328.75,0,0.0,15217288.75
09:24:10 AM,328.75,25,8218.75,15225507.5
09:24:11 AM,330.7,0,0.0,15225507.5
09:24:12 AM,330.7,25,8267.5,15233775.0
09:24:18 AM,327.4,0,0.0,15233775.0
09:24:19 AM,327.4,25,8184.999999999999,15241960.0
09:24:21 AM,329.4,0,0.0,15241960.0
09:24:22 AM,329.4,1700,559980.0,15801940.0
09:24:23 AM,329.3,0,0.0,15801940.0
09:24:24 AM,328.25,300,98475.0,15900415.0
09:24:25 AM,330.25,25,8256.25,15908671.25
09:24:26 AM,328.15,0,0.0,15908671.25
09:24:27 AM,328.15,1150,377372.5,16286043.75
09:24:29 AM,328.4,0,0.0,16286043.75
09:24:30 AM,326.65,0,0.0,16286043.75
09:24:30 AM,326.65,150,48997.5,16335041.25
09:24:31 AM,326.3,0,0.0,16335041.25
09:24:32 AM,326.3,25,8157.5,16343198.75
09:24:32 AM,327.55,0,0.0,16343198.75
09:24:33 AM,327.55,75,24566.25,16367765.0
09:24:33 AM,325.7,0,0.0,16367765.0
09:24:34 AM,326.35,0,0.0,16367765.0
09:24:35 AM,327.4,0,0.0,16367765.0
09:24:35 AM,327.4,300,98220.0,16465985.0
09:24:36 AM,327.1,0,0.0,16465985.0
09:24:36 AM,327.6,125,40950.0,16506935.0
09:24:38 AM,326.65,0,0.0,16506935.0
09:24:38 AM,326.65,25,8166.249999999999,16515101.25
09:24:39 AM,324.3,0,0.0,16515101.25
09:24:40 AM,325.15,0,0.0,16515101.25
09:24:40 AM,325.15,200,65029.99999999999,16580131.25
09:24:41 AM,326.65,0,0.0,16580131.25
09:24:41 AM,326.65,25,8166.249999999999,16588297.5
09:24:44 AM,324.8,0,0.0,16588297.5
09:24:45 AM,324.8,300,97440.0,16685737.5
09:24:48 AM,325.5,0,0.0,16685737.5
09:24:50 AM,325.5,175,56962.5,16742700.0
09:24:51 AM,326.3,0,0.0,16742700.0
09:24:51 AM,326.3,25,8157.5,16750857.5
09:24:54 AM,323.0,0,0.0,16750857.5
09:24:55 AM,323.2,0,0.0,16750857.5
09:24:55 AM,323.2,150,48480.0,16799337.5
09:25:00 AM,327.65,25,8191.249999999999,16807528.75
09:25:04 AM,327.7,0,0.0,16807528.75
09:25:05 AM,327.7,25,8192.5,16815721.25
09:25:09 AM,328.5,0,0.0,16815721.25
09:25:10 AM,328.5,25,8212.5,16823933.75
09:25:15 AM,330.7,0,0.0,16823933.75
09:25:16 AM,330.7,1550,512585.0,17336518.75
09:25:17 AM,332.0,0,0.0,17336518.75
09:25:18 AM,332.0,25,8300.0,17344818.75
09:25:19 AM,335.0,0,0.0,17344818.75
09:25:20 AM,335.0,2125,711875.0,18056693.75
09:25:21 AM,333.55,0,0.0,18056693.75
09:25:21 AM,332.1,625,207562.5,18264256.25
09:25:26 AM,341.95,0,0.0,18264256.25
09:25:26 AM,340.75,575,195931.25,18460187.5
09:25:28 AM,340.1,125,42512.5,18502700.0
09:25:29 AM,339.3,0,0.0,18502700.0
09:25:29 AM,339.3,50,16965.0,18519665.0
09:25:31 AM,336.8,0,0.0,18519665.0
09:25:31 AM,336.8,50,16840.0,18536505.0
09:25:32 AM,336.9,0,0.0,18536505.0
09:25:33 AM,337.35,0,0.0,18536505.0
09:25:33 AM,337.35,50,16867.5,18553372.5
09:25:34 AM,336.2,0,0.0,18553372.5
09:25:34 AM,336.2,25,8405.0,18561777.5
09:25:36 AM,335.35,50,16767.5,18578545.0
09:25:54 AM,334.45,0,0.0,18578545.0
09:25:54 AM,334.45,25,8361.25,18586906.25
09:25:56 AM,335.5,0,0.0,18586906.25
09:25:58 AM,335.5,150,50325.0,18637231.25
09:26:00 AM,338.55,0,0.0,18637231.25
09:26:01 AM,338.55,50,16927.5,18654158.75
09:26:03 AM,339.95,0,0.0,18654158.75
09:26:04 AM,339.9,0,0.0,18654158.75
09:26:04 AM,339.9,100,33990.0,18688148.75
09:26:09 AM,339.75,50,16987.5,18705136.25
09:26:10 AM,339.1,0,0.0,18705136.25
09:26:11 AM,339.1,25,8477.5,18713613.75
09:26:11 AM,339.35,0,0.0,18713613.75
09:26:13 AM,339.35,25,8483.75,18722097.5
09:26:13 AM,338.4,0,0.0,18722097.5
09:26:14 AM,338.4,1025,346860.0,19068957.5
09:26:15 AM,339.7,0,0.0,19068957.5
09:26:16 AM,339.7,75,25477.5,19094435.0
09:26:17 AM,341.25,0,0.0,19094435.0
09:26:17 AM,342.0,0,0.0,19094435.0
09:26:18 AM,342.0,50,17100.0,19111535.0
09:26:18 AM,345.0,0,0.0,19111535.0
09:26:19 AM,345.45,0,0.0,19111535.0
09:26:19 AM,345.2,75,25890.0,19137425.0
09:26:21 AM,343.3,0,0.0,19137425.0
09:26:22 AM,343.8,0,0.0,19137425.0
09:26:23 AM,343.1,100,34310.0,19171735.0
09:26:24 AM,342.4,25,8560.0,19180295.0
09:26:26 AM,342.9,0,0.0,19180295.0
09:26:27 AM,342.9,50,17145.0,19197440.0
09:26:28 AM,342.05,0,0.0,19197440.0
09:26:29 AM,342.15,0,0.0,19197440.0
09:26:29 AM,342.15,400,136860.0,19334300.0
09:26:30 AM,341.65,0,0.0,19334300.0
09:26:31 AM,341.65,25,8541.25,19342841.25
09:26:31 AM,342.4,0,0.0,19342841.25
09:26:32 AM,342.1,0,0.0,19342841.25
09:26:32 AM,342.1,75,25657.5,19368498.75
09:26:33 AM,342.75,0,0.0,19368498.75
09:26:34 AM,342.75,25,8568.75,19377067.5
09:26:35 AM,345.0,0,0.0,19377067.5
09:26:35 AM,345.0,50,17250.0,19394317.5
09:26:38 AM,344.35,0,0.0,19394317.5
09:26:39 AM,344.35,25,8608.75,19402926.25
09:26:42 AM,344.3,0,0.0,19402926.25
09:26:42 AM,344.3,25,8607.5,19411533.75
09:26:45 AM,343.35,0,0.0,19411533.75
09:26:45 AM,343.35,50,17167.5,19428701.25
09:26:47 AM,342.5,0,0.0,19428701.25
09:26:47 AM,342.5,25,8562.5,19437263.75
09:26:49 AM,343.7,0,0.0,19437263.75
09:26:49 AM,343.7,75,25777.5,19463041.25
09:26:50 AM,343.5,0,0.0,19463041.25
09:26:50 AM,343.5,500,171750.0,19634791.25
09:26:51 AM,343.7,0,0.0,19634791.25
09:26:52 AM,343.7,25,8592.5,19643383.75
09:26:53 AM,342.45,0,0.0,19643383.75
09:26:54 AM,342.45,25,8561.25,19651945.0
09:26:55 AM,340.0,0,0.0,19651945.0
09:26:55 AM,338.8,1575,533610.0,20185555.0
09:26:57 AM,340.0,0,0.0,20185555.0
09:26:57 AM,340.0,25,8500.0,20194055.0
09:26:58 AM,339.25,0,0.0,20194055.0
09:26:59 AM,339.25,100,33925.0,20227980.0
09:27:02 AM,340.2,0,0.0,20227980.0
09:27:03 AM,340.8,0,0.0,20227980.0
09:27:04 AM,340.8,100,34080.0,20262060.0
09:27:04 AM,341.95,0,0.0,20262060.0
09:27:05 AM,342.25,0,0.0,20262060.0
09:27:05 AM,342.25,75,25668.75,20287728.75
09:27:06 AM,340.05,0,0.0,20287728.75
09:27:07 AM,340.05,25,8501.25,20296230.0
09:27:07 AM,340.7,0,0.0,20296230.0
09:27:08 AM,340.05,0,0.0,20296230.0
09:27:08 AM,340.05,125,42506.25,20338736.25
09:27:13 AM,336.3,0,0.0,20338736.25
09:27:13 AM,336.55,75,25241.25,20363977.5
09:27:15 AM,336.05,0,0.0,20363977.5
09:27:15 AM,336.05,50,16802.5,20380780.0
09:27:18 AM,334.8,0,0.0,20380780.0
09:27:18 AM,335.7,150,50355.0,20431135.0
09:27:20 AM,335.9,0,0.0,20431135.0
09:27:20 AM,335.9,50,16795.0,20447930.0
09:27:22 AM,336.4,0,0.0,20447930.0
09:27:23 AM,336.4,25,8410.0,20456340.0
09:27:24 AM,333.8,0,0.0,20456340.0
09:27:25 AM,333.8,75,25035.0,20481375.0
09:27:26 AM,336.0,0,0.0,20481375.0
09:27:27 AM,336.4,100,33640.0,20515015.0
09:27:28 AM,335.5,0,0.0,20515015.0
09:27:28 AM,335.5,25,8387.5,20523402.5
09:27:34 AM,337.2,0,0.0,20523402.5
09:27:35 AM,337.65,0,0.0,20523402.5
09:27:35 AM,337.65,50,16882.5,20540285.0
09:27:40 AM,340.75,0,0.0,20540285.0
09:27:41 AM,341.0,0,0.0,20540285.0
09:27:42 AM,341.0,50,17050.0,20557335.0
09:27:43 AM,344.2,0,0.0,20557335.0
09:27:43 AM,348.35,3275,1140846.25,21698181.25
09:27:44 AM,350.2,0,0.0,21698181.25
09:27:45 AM,350.2,525,183855.0,21882036.25
09:27:47 AM,346.45,0,0.0,21882036.25
09:27:47 AM,346.45,25,8661.25,21890697.5
09:27:48 AM,344.85,0,0.0,21890697.5
09:27:48 AM,344.85,25,8621.25,21899318.75
09:27:50 AM,342.1,0,0.0,21899318.75
09:27:52 AM,342.1,75,25657.5,21924976.25
09:27:54 AM,344.3,0,0.0,21924976.25
09:27:55 AM,344.3,575,197972.5,22122948.75
09:28:02 AM,341.1,0,0.0,22122948.75
09:28:03 AM,341.1,25,8527.5,22131476.25
09:28:06 AM,340.5,0,0.0,22131476.25
09:28:07 AM,341.55,75,25616.25,22157092.5
09:28:11 AM,342.0,0,0.0,22157092.5
09:28:12 AM,342.0,75,25650.0,22182742.5
09:28:16 AM,340.65,0,0.0,22182742.5
09:28:17 AM,340.65,50,17032.5,22199775.0
09:28:18 AM,340.2,0,0.0,22199775.0
09:28:18 AM,341.1,75,25582.5,22225357.5
09:28:22 AM,337.75,0,0.0,22225357.5
09:28:23 AM,337.75,25,8443.75,22233801.25
09:28:24 AM,339.95,0,0.0,22233801.25
09:28:25 AM,339.95,25,8498.75,22242300.0
09:28:25 AM,342.2,0,0.0,22242300.0
09:28:26 AM,343.4,0,0.0,22242300.0
09:28:27 AM,343.4,50,17170.0,22259470.0
09:28:28 AM,342.9,0,0.0,22259470.0
09:28:28 AM,342.9,25,8572.5,22268042.5
09:28:32 AM,343.7,0,0.0,22268042.5
09:28:32 AM,343.7,25,8592.5,22276635.0
09:28:33 AM,343.4,0,0.0,22276635.0
09:28:33 AM,343.4,25,8585.0,22285220.0
09:28:34 AM,343.15,0,0.0,22285220.0
09:28:35 AM,343.15,25,8578.75,22293798.75
09:28:35 AM,345.55,0,0.0,22293798.75
09:28:37 AM,345.55,25,8638.75,22302437.5
09:28:38 AM,343.0,0,0.0,22302437.5
09:28:38 AM,343.0,25,8575.0,22311012.5
09:28:39 AM,343.85,0,0.0,22311012.5
09:28:40 AM,343.85,25,8596.25,22319608.75
09:28:41 AM,344.4,0,0.0,22319608.75
09:28:42 AM,344.4,50,17220.0,22336828.75
09:28:43 AM,342.4,0,0.0,22336828.75
09:28:43 AM,342.4,350,119839.99999999999,22456668.75
09:28:45 AM,341.85,0,0.0,22456668.75
09:28:45 AM,341.85,25,8546.25,22465215.0
09:28:46 AM,340.4,0,0.0,22465215.0
09:28:47 AM,340.4,25,8510.0,22473725.0
09:28:47 AM,341.3,0,0.0,22473725.0
09:28:48 AM,341.3,25,8532.5,22482257.5
09:28:53 AM,344.8,0,0.0,22482257.5
09:28:53 AM,344.8,25,8620.0,22490877.5
09:28:54 AM,345.1,0,0.0,22490877.5
09:28:55 AM,345.1,25,8627.5,22499505.0
09:28:56 AM,345.7,0,0.0,22499505.0
09:28:57 AM,345.7,25,8642.5,22508147.5
09:28:58 AM,343.2,0,0.0,22508147.5
09:28:58 AM,343.2,175,60060.0,22568207.5
09:29:01 AM,343.0,0,0.0,22568207.5
09:29:02 AM,343.0,25,8575.0,22576782.5
09:29:02 AM,343.65,0,0.0,22576782.5
09:29:03 AM,343.65,25,8591.25,22585373.75
09:29:03 AM,345.25,0,0.0,22585373.75
09:29:04 AM,344.4,0,0.0,22585373.75
09:29:05 AM,344.4,75,25830.0,22611203.75
09:29:06 AM,346.4,0,0.0,22611203.75
09:29:07 AM,346.4,50,17320.0,22628523.75
09:29:15 AM,351.2,0,0.0,22628523.75
09:29:17 AM,351.2,100,35120.0,22663643.75
09:29:17 AM,348.5,0,0.0,22663643.75
09:29:18 AM,348.6,0,0.0,22663643.75
09:29:18 AM,348.6,50,17430.0,22681073.75
09:29:19 AM,349.75,0,0.0,22681073.75
09:29:20 AM,349.75,50,17487.5,22698561.25
09:29:21 AM,348.55,0,0.0,22698561.25
09:29:22 AM,348.55,100,34855.0,22733416.25
09:29:22 AM,347.95,0,0.0,22733416.25
09:29:23 AM,348.2,0,0.0,22733416.25
09:29:23 AM,348.2,100,34820.0,22768236.25
09:29:24 AM,347.7,0,0.0,22768236.25
09:29:25 AM,347.7,300,104310.0,22872546.25
09:29:26 AM,347.95,0,0.0,22872546.25
09:29:26 AM,347.95,50,17397.5,22889943.75
09:29:30 AM,346.45,50,17322.5,22907266.25
09:29:32 AM,344.85,0,0.0,22907266.25
09:29:33 AM,344.85,175,60348.75000000001,22967615.0
09:29:34 AM,346.6,0,0.0,22967615.0
09:29:35 AM,346.6,25,8665.0,22976280.0
09:29:35 AM,344.75,0,0.0,22976280.0
09:29:36 AM,344.75,25,8618.75,22984898.75
09:29:38 AM,348.15,0,0.0,22984898.75
09:29:39 AM,349.75,0,0.0,22984898.75
09:29:39 AM,351.0,325,114075.0,23098973.75
09:29:41 AM,349.5,0,0.0,23098973.75
09:29:41 AM,349.5,125,43687.5,23142661.25
09:29:42 AM,349.9,0,0.0,23142661.25
09:29:43 AM,349.05,50,17452.5,23160113.75
09:29:44 AM,348.15,0,0.0,23160113.75
09:29:44 AM,348.9,200,69780.0,23229893.75
09:29:46 AM,348.9,25,8722.5,23238616.25
09:29:47 AM,349.5,0,0.0,23238616.25
09:29:48 AM,349.5,50,17475.0,23256091.25
09:29:49 AM,349.9,0,0.0,23256091.25
09:29:50 AM,349.4,0,0.0,23256091.25
09:29:51 AM,349.1,0,0.0,23256091.25
09:29:51 AM,349.1,100,34910.0,23291001.25
09:29:52 AM,349.3,0,0.0,23291001.25
09:29:53 AM,349.3,500,174650.0,23465651.25
09:29:54 AM,350.2,25,8755.0,23474406.25
09:29:56 AM,349.8,0,0.0,23474406.25
09:29:57 AM,349.8,25,8745.0,23483151.25
09:30:01 AM,348.2,0,0.0,23483151.25
09:30:01 AM,348.2,150,52230.0,23535381.25
09:30:02 AM,350.45,0,0.0,23535381.25
09:30:02 AM,350.45,25,8761.25,23544142.5
09:30:03 AM,348.85,0,0.0,23544142.5
09:30:04 AM,348.85,50,17442.5,23561585.0
09:30:07 AM,349.25,0,0.0,23561585.0
09:30:07 AM,348.45,50,17422.5,23579007.5
09:30:09 AM,347.9,0,0.0,23579007.5
09:30:09 AM,347.9,400,139160.0,23718167.5
09:30:10 AM,346.5,0,0.0,23718167.5
09:30:11 AM,345.8,0,0.0,23718167.5
09:30:11 AM,345.8,800,276640.0,23994807.5
09:30:13 AM,343.85,0,0.0,23994807.5
09:30:14 AM,343.85,50,17192.5,24012000.0
09:30:14 AM,345.1,0,0.0,24012000.0
09:30:16 AM,345.1,75,25882.5,24037882.5
09:30:17 AM,347.25,0,0.0,24037882.5
09:30:17 AM,347.25,150,52087.5,24089970.0
09:30:19 AM,348.15,0,0.0,24089970.0
09:30:20 AM,346.95,0,0.0,24089970.0
09:30:21 AM,346.95,150,52042.5,24142012.5
09:30:24 AM,346.0,0,0.0,24142012.5
09:30:24 AM,346.0,200,69200.0,24211212.5
09:30:26 AM,344.85,0,0.0,24211212.5
09:30:27 AM,345.15,0,0.0,24211212.5
09:30:28 AM,345.15,275,94916.25,24306128.75
09:30:30 AM,342.35,0,0.0,24306128.75
09:30:31 AM,339.9,0,0.0,24306128.75
09:30:31 AM,339.9,425,144457.5,24450586.25
09:30:33 AM,340.05,0,0.0,24450586.25
09:30:34 AM,340.05,25,8501.25,24459087.5
09:30:37 AM,340.25,0,0.0,24459087.5
09:30:38 AM,340.5,3300,1123650.0,25582737.5
09:30:38 AM,341.1,0,0.0,25582737.5
09:30:39 AM,340.9,0,0.0,25582737.5
09:30:39 AM,340.9,5125,1747112.4999999998,27329850.0
09:30:41 AM,338.7,50,16935.0,27346785.0
09:30:42 AM,339.3,0,0.0,27346785.0
09:30:42 AM,339.3,500,169650.0,27516435.0
09:30:43 AM,339.8,0,0.0,27516435.0
09:30:44 AM,339.8,25,8495.0,27524930.0
09:30:44 AM,340.65,0,0.0,27524930.0
09:30:46 AM,340.65,475,161808.75,27686738.75
09:30:46 AM,340.4,0,0.0,27686738.75
09:30:47 AM,340.65,0,0.0,27686738.75
09:30:47 AM,340.65,2050,698332.5,28385071.25
09:30:48 AM,340.4,0,0.0,28385071.25
09:30:49 AM,342.0,0,0.0,28385071.25
09:30:49 AM,342.0,650,222300.0,28607371.25
09:30:51 AM,341.4,0,0.0,28607371.25
09:30:52 AM,341.4,150,51210.0,28658581.25
09:30:54 AM,341.4,3450,1177830.0,29836411.25
09:31:02 AM,338.15,0,0.0,29836411.25
09:31:02 AM,338.15,25,8453.75,29844865.0
09:31:04 AM,334.65,0,0.0,29844865.0
09:31:04 AM,334.65,725,242621.24999999997,30087486.25
09:31:06 AM,334.55,100,33455.0,30120941.25
09:31:07 AM,332.6,0,0.0,30120941.25
09:31:07 AM,332.6,175,58205.00000000001,30179146.25
09:31:08 AM,327.3,0,0.0,30179146.25
09:31:09 AM,326.6,0,0.0,30179146.25
09:31:09 AM,326.6,925,302105.0,30481251.25
09:31:10 AM,329.8,0,0.0,30481251.25
09:31:11 AM,328.2,675,221535.0,30702786.25
09:31:13 AM,330.4,0,0.0,30702786.25
09:31:14 AM,330.7,0,0.0,30702786.25
09:31:14 AM,330.7,125,41337.5,30744123.75
09:31:15 AM,330.4,0,0.0,30744123.75
09:31:16 AM,330.4,75,24780.0,30768903.75
09:31:16 AM,329.05,0,0.0,30768903.75
09:31:17 AM,329.05,1400,460670.0,31229573.75
09:31:19 AM,329.65,50,16482.5,31246056.25
09:31:20 AM,328.6,0,0.0,31246056.25
09:31:21 AM,328.6,25,8215.0,31254271.25
09:31:21 AM,328.55,0,0.0,31254271.25
09:31:22 AM,328.55,250,82137.5,31336408.75
09:31:23 AM,329.65,0,0.0,31336408.75
09:31:23 AM,331.5,0,0.0,31336408.75
09:31:24 AM,330.4,0,0.0,31336408.75
09:31:24 AM,330.4,150,49560.0,31385968.75
09:31:27 AM,332.75,0,0.0,31385968.75
09:31:27 AM,332.75,25,8318.75,31394287.5
09:31:29 AM,329.0,0,0.0,31394287.5
09:31:29 AM,329.0,25,8225.0,31402512.5
09:31:30 AM,329.05,0,0.0,31402512.5
09:31:31 AM,329.05,25,8226.25,31410738.75
09:31:32 AM,319.9,0,0.0,31410738.75
09:31:32 AM,315.8,550,173690.0,31584428.75
09:31:33 AM,316.5,0,0.0,31584428.75
09:31:34 AM,313.75,0,0.0,31584428.75
09:31:34 AM,313.75,1675,525531.25,32109960.0
09:31:35 AM,315.0,0,0.0,32109960.0
09:31:36 AM,316.85,350,110897.50000000001,32220857.5
09:31:37 AM,321.4,0,0.0,32220857.5
09:31:37 AM,321.4,350,112489.99999999999,32333347.5
09:31:38 AM,320.65,0,0.0,32333347.5
09:31:39 AM,320.15,150,48022.5,32381370.0
09:31:39 AM,318.95,0,0.0,32381370.0
09:31:40 AM,315.0,0,0.0,32381370.0
09:31:41 AM,317.1,325,103057.50000000001,32484427.5
09:31:41 AM,314.4,0,0.0,32484427.5
09:31:42 AM,316.4,0,0.0,32484427.5
09:31:42 AM,316.4,200,63279.99999999999,32547707.5
09:31:43 AM,318.0,0,0.0,32547707.5
09:31:44 AM,321.1,350,112385.00000000001,32660092.5
09:31:45 AM,323.15,0,0.0,32660092.5
09:31:46 AM,321.8,175,56315.0,32716407.5
09:31:47 AM,320.1,0,0.0,32716407.5
09:31:47 AM,318.9,150,47835.0,32764242.5
09:31:48 AM,319.65,0,0.0,32764242.5
09:31:49 AM,318.75,0,0.0,32764242.5
09:31:49 AM,318.75,200,63750.0,32827992.5
09:31:50 AM,319.5,0,0.0,32827992.5
09:31:51 AM,317.2,325,103090.0,32931082.5
09:31:51 AM,318.65,0,0.0,32931082.5
09:31:52 AM,319.4,250,79850.0,33010932.5
09:31:53 AM,318.7,0,0.0,33010932.5
09:31:54 AM,320.2,450,144090.0,33155022.5
09:31:54 AM,317.95,0,0.0,33155022.5
09:31:55 AM,319.7,0,0.0,33155022.5
09:31:56 AM,321.05,175,56183.75,33211206.25
09:31:56 AM,319.8,0,0.0,33211206.25
09:31:57 AM,319.4,0,0.0,33211206.25
09:31:57 AM,319.4,200,63879.99999999999,33275086.25
09:32:00 AM,321.5,0,0.0,33275086.25
09:32:00 AM,321.75,0,0.0,33275086.25
09:32:01 AM,321.35,500,160675.0,33435761.25
09:32:02 AM,322.9,0,0.0,33435761.25
09:32:02 AM,322.9,75,24217.5,33459978.75
09:32:04 AM,320.25,0,0.0,33459978.75
09:32:04 AM,318.4,0,0.0,33459978.75
09:32:04 AM,318.4,50,15919.999999999998,33475898.75
09:32:06 AM,316.95,50,15847.5,33491746.25
09:32:07 AM,317.95,0,0.0,33491746.25
09:32:07 AM,317.95,25,7948.75,33499695.0
09:32:08 AM,321.1,0,0.0,33499695.0
09:32:09 AM,318.25,375,119343.75,33619038.75
09:32:12 AM,322.75,0,0.0,33619038.75
09:32:12 AM,322.75,25,8068.75,33627107.5
09:32:13 AM,322.95,0,0.0,33627107.5
09:32:14 AM,322.95,25,8073.75,33635181.25
09:32:15 AM,319.8,0,0.0,33635181.25
09:32:16 AM,319.8,25,7995.0,33643176.25
09:32:16 AM,318.55,0,0.0,33643176.25
09:32:17 AM,318.0,0,0.0,33643176.25
09:32:17 AM,318.0,1225,389550.0,34032726.25
09:32:18 AM,316.9,0,0.0,34032726.25
09:32:19 AM,316.0,500,158000.0,34190726.25
09:32:20 AM,318.2,0,0.0,34190726.25
09:32:21 AM,318.95,100,31895.0,34222621.25
09:32:22 AM,319.0,0,0.0,34222621.25
09:32:22 AM,319.0,250,79750.0,34302371.25
09:32:23 AM,318.75,0,0.0,34302371.25
09:32:24 AM,321.25,125,40156.25,34342527.5
09:32:25 AM,323.1,0,0.0,34342527.5
09:32:26 AM,323.1,25,8077.500000000001,34350605.0
09:32:27 AM,322.9,0,0.0,34350605.0
09:32:27 AM,322.8,50,16140.0,34366745.0
09:32:28 AM,321.8,0,0.0,34366745.0
09:32:29 AM,321.8,125,40225.0,34406970.0
09:32:32 AM,320.6,0,0.0,34406970.0
09:32:32 AM,320.6,25,8015.000000000001,34414985.0
09:32:33 AM,321.0,0,0.0,34414985.0
09:32:34 AM,321.0,25,8025.0,34423010.0
09:32:35 AM,324.0,0,0.0,34423010.0
09:32:35 AM,325.6,0,0.0,34423010.0
09:32:36 AM,325.6,50,16280.000000000002,34439290.0
09:32:36 AM,324.3,0,0.0,34439290.0
09:32:37 AM,324.35,0,0.0,34439290.0
09:32:37 AM,324.2,400,129680.0,34568970.0
09:32:40 AM,324.15,0,0.0,34568970.0
09:32:41 AM,324.15,25,8103.749999999999,34577073.75
09:32:41 AM,325.5,0,0.0,34577073.75
09:32:42 AM,325.35,0,0.0,34577073.75
09:32:42 AM,325.7,525,170992.5,34748066.25
09:32:43 AM,327.65,0,0.0,34748066.25
09:32:44 AM,330.15,675,222851.24999999997,34970917.5
09:32:45 AM,328.75,0,0.0,34970917.5
09:32:46 AM,328.4,175,57469.99999999999,35028387.5
09:32:46 AM,327.75,0,0.0,35028387.5
09:32:47 AM,329.4,125,41175.0,35069562.5
09:32:48 AM,328.3,0,0.0,35069562.5
09:32:49 AM,328.3,50,16415.0,35085977.5
09:32:55 AM,327.8,0,0.0,35085977.5
09:32:56 AM,327.8,25,8195.0,35094172.5
09:32:56 AM,327.5,0,0.0,35094172.5
09:32:57 AM,328.15,0,0.0,35094172.5
09:32:57 AM,328.15,50,16407.5,35110580.0
09:33:00 AM,328.8,0,0.0,35110580.0
09:33:00 AM,327.6,0,0.0,35110580.0
09:33:00 AM,328.75,125,41093.75,35151673.75
09:33:01 AM,328.55,0,0.0,35151673.75
09:33:02 AM,329.75,775,255556.25,35407230.0
09:33:03 AM,329.3,0,0.0,35407230.0
09:33:04 AM,335.8,900,302220.0,35709450.0
09:33:07 AM,333.95,0,0.0,35709450.0
09:33:07 AM,333.95,25,8348.75,35717798.75
09:33:07 AM,335.3,0,0.0,35717798.75
09:33:09 AM,334.7,175,58572.5,35776371.25
09:33:09 AM,334.75,0,0.0,35776371.25
09:33:10 AM,334.85,75,25113.75,35801485.0
09:33:11 AM,334.35,0,0.0,35801485.0
09:33:12 AM,334.35,100,33435.0,35834920.0
09:33:13 AM,334.15,0,0.0,35834920.0
09:33:14 AM,334.65,75,25098.75,35860018.75
09:33:15 AM,335.15,0,0.0,35860018.75
09:33:15 AM,335.55,50,16777.5,35876796.25
09:33:20 AM,329.0,0,0.0,35876796.25
09:33:20 AM,329.0,50,16450.0,35893246.25
09:33:22 AM,326.85,0,0.0,35893246.25
09:33:24 AM,326.85,50,16342.500000000002,35909588.75
09:33:24 AM,328.1,0,0.0,35909588.75
09:33:25 AM,328.1,25,8202.5,35917791.25
09:33:26 AM,329.8,0,0.0,35917791.25
09:33:27 AM,329.8,25,8245.0,35926036.25
09:33:28 AM,331.45,0,0.0,35926036.25
09:33:29 AM,331.45,100,33145.0,35959181.25
09:33:29 AM,329.6,0,0.0,35959181.25
09:33:30 AM,328.7,0,0.0,35959181.25
09:33:30 AM,328.7,150,49305.0,36008486.25
09:33:31 AM,327.6,0,0.0,36008486.25
09:33:32 AM,327.6,200,65520.00000000001,36074006.25
09:33:33 AM,330.5,0,0.0,36074006.25
09:33:33 AM,332.7,0,0.0,36074006.25
09:33:34 AM,332.0,75,24900.0,36098906.25
09:33:39 AM,328.6,0,0.0,36098906.25
09:33:40 AM,328.6,50,16430.0,36115336.25
09:33:44 AM,326.45,0,0.0,36115336.25
09:33:45 AM,326.45,25,8161.25,36123497.5
09:33:53 AM,327.3,0,0.0,36123497.5
09:33:53 AM,328.95,0,0.0,36123497.5
09:33:54 AM,330.2,350,115570.0,36239067.5
09:33:58 AM,325.0,0,0.0,36239067.5
09:33:59 AM,323.85,125,40481.25,36279548.75
09:34:00 AM,323.4,0,0.0,36279548.75
09:34:00 AM,324.1,1325,429432.50000000006,36708981.25
09:34:01 AM,324.0,0,0.0,36708981.25
09:34:02 AM,324.0,25,8100.0,36717081.25
09:34:02 AM,323.4,0,0.0,36717081.25
09:34:04 AM,323.4,25,8084.999999999999,36725166.25
09:34:05 AM,320.5,0,0.0,36725166.25
09:34:05 AM,320.5,100,32050.0,36757216.25
09:34:08 AM,325.0,0,0.0,36757216.25
09:34:08 AM,324.75,0,0.0,36757216.25
09:34:09 AM,324.75,75,24356.25,36781572.5
09:34:11 AM,328.6,0,0.0,36781572.5
09:34:12 AM,328.6,75,24645.0,36806217.5
09:34:15 AM,322.25,0,0.0,36806217.5
09:34:15 AM,322.25,25,8056.25,36814273.75
09:34:16 AM,322.65,0,0.0,36814273.75
09:34:17 AM,322.65,175,56463.74999999999,36870737.5
09:34:19 AM,324.8,0,0.0,36870737.5
09:34:20 AM,325.0,0,0.0,36870737.5
09:34:20 AM,325.0,75,24375.0,36895112.5
09:34:21 AM,325.5,0,0.0,36895112.5
09:34:22 AM,325.85,225,73316.25,36968428.75
09:34:25 AM,326.15,0,0.0,36968428.75
09:34:27 AM,326.15,250,81537.5,37049966.25
09:34:27 AM,325.9,0,0.0,37049966.25
09:34:27 AM,326.65,0,0.0,37049966.25
09:34:28 AM,326.65,125,40831.25,37090797.5
09:34:31 AM,324.55,0,0.0,37090797.5
09:34:31 AM,324.05,0,0.0,37090797.5
09:34:31 AM,324.05,75,24303.75,37115101.25
09:34:33 AM,324.75,0,0.0,37115101.25
09:34:33 AM,324.1,175,56717.50000000001,37171818.75
09:34:33 AM,324.3,0,0.0,37171818.75
09:34:35 AM,324.3,25,8107.5,37179926.25
09:34:36 AM,321.3,0,0.0,37179926.25
09:34:36 AM,321.3,50,16065.0,37195991.25
09:34:37 AM,321.45,0,0.0,37195991.25
09:34:38 AM,320.1,0,0.0,37195991.25
09:34:38 AM,320.1,1025,328102.5,37524093.75
09:34:39 AM,320.3,0,0.0,37524093.75
09:34:40 AM,320.3,50,16015.0,37540108.75
09:34:42 AM,321.9,0,0.0,37540108.75
09:34:43 AM,323.2,0,0.0,37540108.75
09:34:43 AM,323.2,1325,428240.0,37968348.75
09:34:44 AM,320.65,0,0.0,37968348.75
09:34:45 AM,320.65,175,56113.74999999999,38024462.5
09:34:46 AM,321.9,0,0.0,38024462.5
09:34:46 AM,321.9,25,8047.499999999999,38032510.0
09:34:47 AM,322.5,0,0.0,38032510.0
09:34:48 AM,322.5,75,24187.5,38056697.5
09:34:49 AM,322.9,0,0.0,38056697.5
09:34:50 AM,322.9,25,8072.499999999999,38064770.0
09:34:54 AM,319.25,0,0.0,38064770.0
09:34:54 AM,319.9,0,0.0,38064770.0
09:34:55 AM,319.95,750,239962.5,38304732.5
09:34:56 AM,322.35,0,0.0,38304732.5
09:34:56 AM,322.35,100,32235.000000000004,38336967.5
09:34:59 AM,321.05,0,0.0,38336967.5
09:35:00 AM,321.05,25,8026.25,38344993.75
09:35:01 AM,320.95,0,0.0,38344993.75
09:35:02 AM,321.4,0,0.0,38344993.75
09:35:03 AM,321.4,125,40175.0,38385168.75
09:35:05 AM,321.25,25,8031.25,38393200.0
09:35:05 AM,321.0,0,0.0,38393200.0
09:35:06 AM,321.25,0,0.0,38393200.0
09:35:06 AM,321.25,875,281093.75,38674293.75
09:35:07 AM,321.65,0,0.0,38674293.75
09:35:08 AM,321.65,100,32164.999999999996,38706458.75
09:35:08 AM,320.7,0,0.0,38706458.75
09:35:09 AM,320.7,25,8017.5,38714476.25
09:35:12 AM,318.0,0,0.0,38714476.25
09:35:13 AM,318.3,50,15915.0,38730391.25
09:35:14 AM,313.45,0,0.0,38730391.25
09:35:14 AM,312.35,500,156175.0,38886566.25
09:35:15 AM,312.15,0,0.0,38886566.25
09:35:16 AM,313.55,450,141097.5,39027663.75
09:35:17 AM,314.25,0,0.0,39027663.75
09:35:18 AM,315.15,1300,409694.99999999994,39437358.75
09:35:21 AM,313.8,0,0.0,39437358.75
09:35:21 AM,313.8,25,7845.0,39445203.75
09:35:22 AM,313.5,0,0.0,39445203.75
09:35:22 AM,313.95,0,0.0,39445203.75
09:35:23 AM,313.95,200,62790.0,39507993.75
09:35:24 AM,314.2,0,0.0,39507993.75
09:35:24 AM,314.2,300,94260.0,39602253.75
09:35:25 AM,313.45,0,0.0,39602253.75
09:35:25 AM,313.95,0,0.0,39602253.75
09:35:26 AM,313.95,125,39243.75,39641497.5
09:35:26 AM,314.3,0,0.0,39641497.5
09:35:27 AM,314.35,0,0.0,39641497.5
09:35:28 AM,314.35,200,62870.00000000001,39704367.5
09:35:30 AM,311.05,0,0.0,39704367.5
09:35:31 AM,311.4,200,62279.99999999999,39766647.5
09:35:32 AM,313.2,0,0.0,39766647.5
09:35:33 AM,312.6,325,101595.00000000001,39868242.5
09:35:34 AM,317.65,1325,420886.24999999994,40289128.75
09:35:35 AM,315.65,0,0.0,40289128.75
09:35:36 AM,315.85,75,23688.75,40312817.5
09:35:36 AM,315.45,0,0.0,40312817.5
09:35:37 AM,316.55,0,0.0,40312817.5
09:35:38 AM,316.55,75,23741.25,40336558.75
09:35:38 AM,316.1,0,0.0,40336558.75
09:35:39 AM,318.95,0,0.0,40336558.75
09:35:39 AM,318.95,275,87711.25,40424270.0
09:35:40 AM,318.9,0,0.0,40424270.0
09:35:41 AM,318.9,275,87697.5,40511967.5
09:35:42 AM,316.6,0,0.0,40511967.5
09:35:42 AM,316.8,800,253440.0,40765407.5
09:35:44 AM,320.15,0,0.0,40765407.5
09:35:44 AM,320.15,50,16007.499999999998,40781415.0
09:35:45 AM,320.35,0,0.0,40781415.0
09:35:46 AM,321.0,50,16050.0,40797465.0
09:35:47 AM,321.4,0,0.0,40797465.0
09:35:47 AM,321.4,250,80350.0,40877815.0
09:35:48 AM,320.8,0,0.0,40877815.0
09:35:49 AM,322.0,50,16100.0,40893915.0
09:35:51 AM,322.0,25,8050.0,40901965.0
09:35:51 AM,320.8,0,0.0,40901965.0
09:35:52 AM,320.9,0,0.0,40901965.0
09:35:52 AM,320.9,275,88247.5,40990212.5
09:35:56 AM,321.1,0,0.0,40990212.5
09:35:56 AM,321.1,125,40137.5,41030350.0
09:35:56 AM,320.5,0,0.0,41030350.0
09:35:57 AM,320.35,0,0.0,41030350.0
09:35:57 AM,320.35,50,16017.500000000002,41046367.5
09:36:03 AM,322.1,0,0.0,41046367.5
09:36:04 AM,322.3,0,0.0,41046367.5
09:36:04 AM,321.5,325,104487.5,41150855.0
09:36:05 AM,322.0,0,0.0,41150855.0
09:36:06 AM,322.0,125,40250.0,41191105.0
09:36:11 AM,322.15,0,0.0,41191105.0
09:36:12 AM,322.15,25,8053.749999999999,41199158.75
09:36:16 AM,321.55,0,0.0,41199158.75
09:36:17 AM,321.0,0,0.0,41199158.75
09:36:17 AM,322.45,100,32245.0,41231403.75
09:36:21 AM,325.0,0,0.0,41231403.75
09:36:22 AM,325.0,25,8125.0,41239528.75
09:36:23 AM,326.25,0,0.0,41239528.75
09:36:24 AM,326.25,250,81562.5,41321091.25
09:36:34 AM,320.35,0,0.0,41321091.25
09:36:35 AM,320.35,75,24026.25,41345117.5
09:36:44 AM,316.85,0,0.0,41345117.5
09:36:44 AM,316.85,50,15842.500000000002,41360960.0
09:36:45 AM,317.5,0,0.0,41360960.0
09:36:45 AM,317.5,25,7937.5,41368897.5
09:36:46 AM,318.2,0,0.0,41368897.5
09:36:47 AM,317.95,0,0.0,41368897.5
09:36:47 AM,317.95,50,15897.5,41384795.0
09:36:47 AM,317.6,0,0.0,41384795.0
09:36:48 AM,317.05,0,0.0,41384795.0
09:36:48 AM,317.05,50,15852.5,41400647.5
09:36:49 AM,317.4,0,0.0,41400647.5
09:36:50 AM,315.85,1200,379020.0,41779667.5
09:36:52 AM,316.85,0,0.0,41779667.5
09:36:53 AM,316.85,25,7921.250000000001,41787588.75
09:36:56 AM,316.2,0,0.0,41787588.75
09:36:57 AM,316.2,25,7905.0,41795493.75
09:37:00 AM,312.75,0,0.0,41795493.75
09:37:00 AM,312.75,100,31275.0,41826768.75
09:37:02 AM,312.55,0,0.0,41826768.75
09:37:02 AM,312.55,250,78137.5,41904906.25
09:37:04 AM,313.15,0,0.0,41904906.25
09:37:05 AM,313.15,25,7828.749999999999,41912735.0
09:37:05 AM,313.7,0,0.0,41912735.0
09:37:06 AM,311.55,0,0.0,41912735.0
09:37:07 AM,311.55,1800,560790.0,42473525.0
09:37:08 AM,309.85,75,23238.75,42496763.75
09:37:13 AM,311.0,0,0.0,42496763.75
09:37:13 AM,311.0,25,7775.0,42504538.75
09:37:16 AM,309.25,0,0.0,42504538.75
09:37:17 AM,309.25,550,170087.5,42674626.25
09:37:18 AM,310.95,0,0.0,42674626.25
09:37:18 AM,310.95,25,7773.75,42682400.0
09:37:19 AM,313.1,0,0.0,42682400.0
09:37:20 AM,315.75,0,0.0,42682400.0
09:37:20 AM,315.75,100,31575.0,42713975.0
09:37:20 AM,314.95,0,0.0,42713975.0
09:37:21 AM,314.05,0,0.0,42713975.0
09:37:22 AM,314.05,75,23553.75,42737528.75
09:37:22 AM,314.7,0,0.0,42737528.75
09:37:23 AM,314.7,325,102277.5,42839806.25
09:37:24 AM,312.5,0,0.0,42839806.25
09:37:25 AM,312.5,50,15625.0,42855431.25
09:37:26 AM,312.55,0,0.0,42855431.25
09:37:27 AM,312.55,50,15627.5,42871058.75
09:37:28 AM,312.45,0,0.0,42871058.75
09:37:28 AM,312.45,25,7811.25,42878870.0
09:37:30 AM,310.0,0,0.0,42878870.0
09:37:30 AM,310.0,25,7750.0,42886620.0
09:37:31 AM,307.85,0,0.0,42886620.0
09:37:31 AM,305.9,0,0.0,42886620.0
09:37:32 AM,305.9,300,91770.0,42978390.0
09:37:32 AM,305.15,0,0.0,42978390.0
09:37:33 AM,305.45,0,0.0,42978390.0
09:37:33 AM,305.45,175,53453.75,43031843.75
09:37:34 AM,307.4,0,0.0,43031843.75
09:37:35 AM,308.75,200,61750.0,43093593.75
09:37:36 AM,307.95,0,0.0,43093593.75
09:37:37 AM,308.05,700,215635.0,43309228.75
09:37:38 AM,308.35,0,0.0,43309228.75
09:37:38 AM,308.35,50,15417.500000000002,43324646.25
09:37:39 AM,308.5,0,0.0,43324646.25
09:37:40 AM,308.35,1000,308350.0,43632996.25
09:37:41 AM,305.75,0,0.0,43632996.25
09:37:42 AM,306.8,350,107380.0,43740376.25
09:37:43 AM,308.0,0,0.0,43740376.25
09:37:43 AM,308.0,925,284900.0,44025276.25
09:37:44 AM,306.9,0,0.0,44025276.25
09:37:45 AM,306.75,50,15337.5,44040613.75
09:37:47 AM,305.0,0,0.0,44040613.75
09:37:48 AM,305.0,50,15250.0,44055863.75
09:37:49 AM,304.2,0,0.0,44055863.75
09:37:50 AM,304.2,25,7605.0,44063468.75
09:37:52 AM,306.65,0,0.0,44063468.75
09:37:52 AM,306.95,0,0.0,44063468.75
09:37:53 AM,308.2,0,0.0,44063468.75
09:37:53 AM,307.95,325,100083.75,44163552.5
09:37:56 AM,306.85,0,0.0,44163552.5
09:37:57 AM,306.85,250,76712.5,44240265.0
09:37:57 AM,305.15,0,0.0,44240265.0
09:37:57 AM,305.35,0,0.0,44240265.0
09:37:58 AM,305.35,75,22901.25,44263166.25
09:37:59 AM,305.2,0,0.0,44263166.25
09:38:00 AM,305.2,25,7630.0,44270796.25
09:38:00 AM,305.75,0,0.0,44270796.25
09:38:01 AM,304.9,0,0.0,44270796.25
09:38:02 AM,305.35,1175,358786.25,44629582.5
09:38:04 AM,306.1,0,0.0,44629582.5
09:38:05 AM,306.1,50,15305.000000000002,44644887.5
09:38:08 AM,306.65,0,0.0,44644887.5
09:38:08 AM,306.65,25,7666.249999999999,44652553.75
09:38:08 AM,303.05,0,0.0,44652553.75
09:38:10 AM,302.4,0,0.0,44652553.75
09:38:10 AM,302.8,450,136260.0,44788813.75
09:38:11 AM,299.3,0,0.0,44788813.75
09:38:12 AM,300.0,1375,412500.0,45201313.75
09:38:13 AM,300.75,0,0.0,45201313.75
09:38:13 AM,300.75,925,278193.75,45479507.5
09:38:14 AM,301.2,0,0.0,45479507.5
09:38:15 AM,302.35,800,241880.00000000003,45721387.5
09:38:16 AM,304.25,0,0.0,45721387.5
09:38:16 AM,304.25,25,7606.25,45728993.75
09:38:19 AM,302.4,0,0.0,45728993.75
09:38:20 AM,302.4,25,7559.999999999999,45736553.75
09:38:20 AM,301.7,0,0.0,45736553.75
09:38:21 AM,301.95,0,0.0,45736553.75
09:38:21 AM,301.95,150,45292.5,45781846.25
09:38:23 AM,303.0,0,0.0,45781846.25
09:38:23 AM,303.0,50,15150.0,45796996.25
09:38:24 AM,302.7,0,0.0,45796996.25
09:38:25 AM,303.9,825,250717.49999999997,46047713.75
09:38:25 AM,303.05,0,0.0,46047713.75
09:38:26 AM,303.05,25,7576.25,46055290.0
09:38:27 AM,301.35,0,0.0,46055290.0
09:38:28 AM,302.85,75,22713.75,46078003.75
09:38:28 AM,303.05,0,0.0,46078003.75
09:38:30 AM,303.05,100,30305.0,46108308.75
09:38:30 AM,303.7,0,0.0,46108308.75
09:38:31 AM,304.05,0,0.0,46108308.75
09:38:31 AM,304.05,100,30405.0,46138713.75
09:38:32 AM,307.0,0,0.0,46138713.75
09:38:33 AM,305.2,0,0.0,46138713.75
09:38:33 AM,305.2,75,22890.0,46161603.75
09:38:34 AM,305.45,0,0.0,46161603.75
09:38:35 AM,303.4,150,45510.0,46207113.75
09:38:36 AM,302.05,0,0.0,46207113.75
09:38:36 AM,301.25,475,143093.75,46350207.5
09:38:37 AM,302.15,0,0.0,46350207.5
09:38:38 AM,302.55,250,75637.5,46425845.0
09:38:39 AM,302.15,0,0.0,46425845.0
09:38:40 AM,302.2,125,37775.0,46463620.0
09:38:40 AM,303.4,0,0.0,46463620.0
09:38:41 AM,303.4,25,7584.999999999999,46471205.0
09:38:42 AM,303.0,0,0.0,46471205.0
09:38:42 AM,303.1,0,0.0,46471205.0
09:38:43 AM,302.95,0,0.0,46471205.0
09:38:43 AM,302.7,250,75675.0,46546880.0
09:38:44 AM,302.25,0,0.0,46546880.0
09:38:45 AM,301.5,125,37687.5,46584567.5
09:38:46 AM,301.8,0,0.0,46584567.5
09:38:46 AM,301.8,50,15090.0,46599657.5
09:38:47 AM,301.7,0,0.0,46599657.5
09:38:48 AM,302.4,0,0.0,46599657.5
09:38:48 AM,302.4,300,90720.0,46690377.5
09:38:49 AM,303.5,0,0.0,46690377.5
09:38:50 AM,302.8,125,37850.0,46728227.5
09:38:50 AM,300.0,0,0.0,46728227.5
09:38:51 AM,301.85,0,0.0,46728227.5
09:38:51 AM,302.2,250,75550.0,46803777.5
09:38:53 AM,304.6,0,0.0,46803777.5
09:38:53 AM,304.6,100,30460.000000000004,46834237.5
09:38:55 AM,303.55,0,0.0,46834237.5
09:38:55 AM,304.0,75,22800.0,46857037.5
09:38:55 AM,303.15,0,0.0,46857037.5
09:38:56 AM,303.05,0,0.0,46857037.5
09:38:56 AM,303.55,200,60710.0,46917747.5
09:38:58 AM,304.25,0,0.0,46917747.5
09:38:58 AM,304.05,125,38006.25,46955753.75
09:38:59 AM,304.45,0,0.0,46955753.75
09:39:00 AM,303.45,200,60690.0,47016443.75
09:39:00 AM,303.15,0,0.0,47016443.75
09:39:01 AM,302.05,0,0.0,47016443.75
09:39:01 AM,301.25,925,278656.25,47295100.0
09:39:02 AM,302.6,0,0.0,47295100.0
09:39:03 AM,302.7,0,0.0,47295100.0
09:39:03 AM,302.7,325,98377.5,47393477.5
09:39:04 AM,302.0,0,0.0,47393477.5
09:39:05 AM,302.0,50,15100.0,47408577.5
09:39:05 AM,301.5,0,0.0,47408577.5
09:39:06 AM,300.75,0,0.0,47408577.5
09:39:06 AM,300.35,100,30035.000000000004,47438612.5
09:39:09 AM,301.45,0,0.0,47438612.5
09:39:10 AM,300.85,50,15042.500000000002,47453655.0
09:39:11 AM,300.35,0,0.0,47453655.0
09:39:12 AM,300.0,125,37500.0,47491155.0
09:39:12 AM,299.0,0,0.0,47491155.0
09:39:13 AM,300.5,100,30050.0,47521205.0
09:39:13 AM,299.5,0,0.0,47521205.0
09:39:14 AM,298.25,0,0.0,47521205.0
09:39:15 AM,298.25,1200,357900.0,47879105.0
09:39:15 AM,297.45,0,0.0,47879105.0
09:39:17 AM,297.45,50,14872.5,47893977.5
09:39:17 AM,298.7,0,0.0,47893977.5
09:39:18 AM,298.65,75,22398.75,47916376.25
09:39:18 AM,299.6,0,0.0,47916376.25
09:39:19 AM,298.8,0,0.0,47916376.25
09:39:20 AM,297.0,300,89100.0,48005476.25
09:39:23 AM,297.0,75,22275.0,48027751.25
09:39:24 AM,297.2,0,0.0,48027751.25
09:39:25 AM,297.2,50,14860.0,48042611.25
09:39:26 AM,297.95,0,0.0,48042611.25
09:39:27 AM,297.95,25,7448.75,48050060.0
09:39:27 AM,297.5,0,0.0,48050060.0
09:39:28 AM,297.5,875,260312.5,48310372.5
09:39:29 AM,296.0,0,0.0,48310372.5
09:39:30 AM,296.55,300,88965.0,48399337.5
09:39:31 AM,295.05,0,0.0,48399337.5
09:39:32 AM,295.4,225,66465.0,48465802.5
09:39:33 AM,295.75,0,0.0,48465802.5
09:39:33 AM,295.75,25,7393.75,48473196.25
09:39:35 AM,296.4,0,0.0,48473196.25
09:39:35 AM,296.4,25,7409.999999999999,48480606.25
09:39:36 AM,296.25,0,0.0,48480606.25
09:39:36 AM,295.5,0,0.0,48480606.25
09:39:37 AM,295.5,300,88650.0,48569256.25
09:39:37 AM,295.35,0,0.0,48569256.25
09:39:38 AM,295.35,75,22151.25,48591407.5
09:39:38 AM,291.2,0,0.0,48591407.5
09:39:39 AM,293.45,0,0.0,48591407.5
09:39:40 AM,293.65,200,58729.99999999999,48650137.5
09:39:42 AM,293.65,25,7341.249999999999,48657478.75
09:39:42 AM,293.3,0,0.0,48657478.75
09:39:43 AM,293.3,50,14665.0,48672143.75
09:39:44 AM,294.9,0,0.0,48672143.75
09:39:45 AM,294.8,75,22110.0,48694253.75
09:39:45 AM,293.45,0,0.0,48694253.75
09:39:46 AM,293.45,50,14672.5,48708926.25
09:39:49 AM,292.6,0,0.0,48708926.25
09:39:49 AM,292.5,0,0.0,48708926.25
09:39:50 AM,292.5,50,14625.0,48723551.25
09:39:51 AM,291.35,0,0.0,48723551.25
09:39:51 AM,291.35,125,36418.75,48759970.0
09:39:52 AM,290.0,0,0.0,48759970.0
09:39:53 AM,290.0,550,159500.0,48919470.0
09:39:53 AM,291.15,0,0.0,48919470.0
09:39:54 AM,291.45,0,0.0,48919470.0
09:39:55 AM,292.65,125,36581.25,48956051.25
09:39:55 AM,290.4,0,0.0,48956051.25
09:39:56 AM,291.95,75,21896.25,48977947.5
09:39:57 AM,292.4,0,0.0,48977947.5
09:39:58 AM,292.4,75,21930.0,48999877.5
09:39:58 AM,292.1,0,0.0,48999877.5
09:40:00 AM,291.75,100,29175.0,49029052.5
09:40:00 AM,289.7,0,0.0,49029052.5
09:40:01 AM,289.7,100,28970.0,49058022.5
09:40:01 AM,290.35,0,0.0,49058022.5
09:40:02 AM,288.75,0,0.0,49058022.5
09:40:03 AM,289.3,175,50627.5,49108650.0
09:40:03 AM,288.95,0,0.0,49108650.0
09:40:04 AM,290.1,0,0.0,49108650.0
09:40:05 AM,290.1,75,21757.5,49130407.5
09:40:05 AM,287.65,0,0.0,49130407.5
09:40:06 AM,288.2,125,36025.0,49166432.5
09:40:07 AM,289.55,0,0.0,49166432.5
09:40:08 AM,289.55,250,72387.5,49238820.0
09:40:08 AM,287.0,0,0.0,49238820.0
09:40:09 AM,287.75,0,0.0,49238820.0
09:40:10 AM,287.75,625,179843.75,49418663.75
09:40:10 AM,289.7,0,0.0,49418663.75
09:40:11 AM,290.3,500,145150.0,49563813.75
09:40:11 AM,291.0,0,0.0,49563813.75
09:40:12 AM,291.1,0,0.0,49563813.75
09:40:13 AM,291.1,75,21832.5,49585646.25
09:40:13 AM,291.15,0,0.0,49585646.25
09:40:14 AM,288.75,0,0.0,49585646.25
09:40:15 AM,288.75,1100,317625.0,49903271.25
09:40:15 AM,290.5,0,0.0,49903271.25
09:40:16 AM,290.5,450,130725.0,50033996.25
09:40:16 AM,289.0,0,0.0,50033996.25
09:40:17 AM,287.35,0,0.0,50033996.25
09:40:18 AM,287.35,150,43102.5,50077098.75
09:40:18 AM,287.25,0,0.0,50077098.75
09:40:20 AM,287.7,1875,539437.5,50616536.25
09:40:20 AM,288.35,0,0.0,50616536.25
09:40:21 AM,288.25,175,50443.75,50666980.0
09:40:23 AM,288.25,25,7206.25,50674186.25
09:40:24 AM,290.05,0,0.0,50674186.25
09:40:24 AM,290.6,250,72650.0,50746836.25
09:40:26 AM,289.1,0,0.0,50746836.25
09:40:26 AM,289.1,100,28910.000000000004,50775746.25
09:40:28 AM,286.15,50,14307.499999999998,50790053.75
09:40:28 AM,286.3,0,0.0,50790053.75
09:40:29 AM,286.8,0,0.0,50790053.75
09:40:29 AM,290.3,125,36287.5,50826341.25
09:40:30 AM,291.5,0,0.0,50826341.25
09:40:31 AM,290.7,50,14535.0,50840876.25
09:40:32 AM,291.45,0,0.0,50840876.25
09:40:33 AM,291.45,100,29145.0,50870021.25
09:40:33 AM,288.9,0,0.0,50870021.25
09:40:34 AM,288.9,975,281677.5,51151698.75
09:40:36 AM,291.0,0,0.0,51151698.75
09:40:36 AM,291.0,475,138225.0,51289923.75
09:40:36 AM,289.8,0,0.0,51289923.75
09:40:37 AM,289.85,0,0.0,51289923.75
09:40:38 AM,289.6,125,36200.0,51326123.75
09:40:38 AM,291.0,0,0.0,51326123.75
09:40:39 AM,290.25,0,0.0,51326123.75
09:40:39 AM,290.25,300,87075.0,51413198.75
09:40:40 AM,290.7,0,0.0,51413198.75
09:40:41 AM,293.0,100,29300.0,51442498.75
09:40:42 AM,295.8,0,0.0,51442498.75
09:40:43 AM,296.0,225,66600.0,51509098.75
09:40:43 AM,294.35,0,0.0,51509098.75
09:40:44 AM,293.7,0,0.0,51509098.75
09:40:44 AM,293.7,650,190905.0,51700003.75
09:40:45 AM,294.25,0,0.0,51700003.75
09:40:46 AM,294.95,450,132727.5,51832731.25
09:40:47 AM,292.6,0,0.0,51832731.25
09:40:48 AM,292.6,25,7315.000000000001,51840046.25
09:40:48 AM,288.95,0,0.0,51840046.25
09:40:49 AM,287.3,0,0.0,51840046.25
09:40:49 AM,287.6,325,93470.00000000001,51933516.25
09:40:50 AM,287.0,0,0.0,51933516.25
09:40:51 AM,287.0,25,7175.0,51940691.25
09:40:53 AM,287.0,75,21525.0,51962216.25
09:40:54 AM,286.8,0,0.0,51962216.25
09:40:54 AM,286.8,75,21510.0,51983726.25
09:40:55 AM,287.85,0,0.0,51983726.25
09:40:56 AM,287.5,100,28750.0,52012476.25
09:40:58 AM,289.15,0,0.0,52012476.25
09:40:59 AM,287.95,0,0.0,52012476.25
09:40:59 AM,287.95,125,35993.75,52048470.0
09:41:00 AM,286.8,0,0.0,52048470.0
09:41:00 AM,286.2,0,0.0,52048470.0
09:41:01 AM,286.2,175,50085.0,52098555.0
09:41:01 AM,285.7,0,0.0,52098555.0
09:41:02 AM,286.55,0,0.0,52098555.0
09:41:03 AM,287.0,1050,301350.0,52399905.0
09:41:03 AM,287.05,0,0.0,52399905.0
09:41:04 AM,288.05,250,72012.5,52471917.5
09:41:05 AM,287.55,0,0.0,52471917.5
09:41:06 AM,288.35,375,108131.25000000001,52580048.75
09:41:06 AM,289.05,0,0.0,52580048.75
09:41:07 AM,287.7,0,0.0,52580048.75
09:41:08 AM,287.7,175,50347.5,52630396.25
09:41:08 AM,286.5,0,0.0,52630396.25
09:41:09 AM,286.5,175,50137.5,52680533.75
09:41:10 AM,286.8,0,0.0,52680533.75
09:41:11 AM,286.8,125,35850.0,52716383.75
09:41:12 AM,285.5,0,0.0,52716383.75
09:41:12 AM,285.95,125,35743.75,52752127.5
09:41:13 AM,289.0,0,0.0,52752127.5
09:41:14 AM,289.0,125,36125.0,52788252.5
09:41:15 AM,289.65,0,0.0,52788252.5
09:41:16 AM,291.05,0,0.0,52788252.5
09:41:16 AM,291.05,175,50933.75,52839186.25
09:41:16 AM,289.8,0,0.0,52839186.25
09:41:17 AM,290.65,0,0.0,52839186.25
09:41:17 AM,290.65,425,123526.24999999999,52962712.5
09:41:18 AM,290.3,0,0.0,52962712.5
09:41:19 AM,290.45,75,21783.75,52984496.25
09:41:20 AM,289.4,0,0.0,52984496.25
09:41:21 AM,290.0,150,43500.0,53027996.25
09:41:22 AM,289.5,0,0.0,53027996.25
09:41:22 AM,289.5,300,86850.0,53114846.25
09:41:24 AM,290.2,25,7255.0,53122101.25
09:41:24 AM,289.65,0,0.0,53122101.25
09:41:25 AM,290.05,0,0.0,53122101.25
09:41:26 AM,290.05,50,14502.5,53136603.75
09:41:26 AM,288.3,0,0.0,53136603.75
09:41:27 AM,288.0,0,0.0,53136603.75
09:41:27 AM,288.0,125,36000.0,53172603.75
09:41:28 AM,287.15,0,0.0,53172603.75
09:41:29 AM,287.8,250,71950.0,53244553.75
09:41:30 AM,289.75,0,0.0,53244553.75
09:41:31 AM,289.55,225,65148.75,53309702.5
09:41:31 AM,290.1,0,0.0,53309702.5
09:41:32 AM,290.3,0,0.0,53309702.5
09:41:33 AM,290.3,500,145150.0,53454852.5
09:41:33 AM,290.55,0,0.0,53454852.5
09:41:34 AM,289.05,150,43357.5,53498210.0
09:41:35 AM,290.0,0,0.0,53498210.0
09:41:36 AM,291.3,250,72825.0,53571035.0
09:41:36 AM,292.0,0,0.0,53571035.0
09:41:37 AM,291.3,0,0.0,53571035.0
09:41:38 AM,291.3,75,21847.5,53592882.5
09:41:38 AM,289.8,0,0.0,53592882.5
09:41:39 AM,288.4,150,43260.0,53636142.5
09:41:39 AM,289.0,0,0.0,53636142.5
09:41:40 AM,289.05,0,0.0,53636142.5
09:41:41 AM,289.25,100,28925.0,53665067.5
09:41:42 AM,288.75,0,0.0,53665067.5
09:41:43 AM,289.3,75,21697.5,53686765.0
09:41:44 AM,290.15,350,101552.49999999999,53788317.5
09:41:44 AM,290.25,0,0.0,53788317.5
09:41:45 AM,294.35,0,0.0,53788317.5
09:41:46 AM,293.0,300,87900.0,53876217.5
09:41:46 AM,294.1,0,0.0,53876217.5
09:41:47 AM,295.4,0,0.0,53876217.5
09:41:48 AM,295.4,1050,310170.0,54186387.5
09:41:48 AM,294.7,0,0.0,54186387.5
09:41:49 AM,294.8,50,14740.0,54201127.5
09:41:50 AM,294.5,0,0.0,54201127.5
09:41:51 AM,293.55,75,22016.25,54223143.75
09:41:52 AM,294.8,0,0.0,54223143.75
09:41:53 AM,294.8,75,22110.0,54245253.75
09:41:55 AM,291.05,0,0.0,54245253.75
09:41:55 AM,291.2,0,0.0,54245253.75
09:41:56 AM,290.8,150,43620.0,54288873.75
09:41:57 AM,290.95,0,0.0,54288873.75
09:41:58 AM,290.95,25,7273.75,54296147.5
09:41:59 AM,290.5,75,21787.5,54317935.0
09:42:01 AM,291.8,0,0.0,54317935.0
09:42:01 AM,291.8,25,7295.0,54325230.0
09:42:01 AM,290.05,0,0.0,54325230.0
09:42:02 AM,288.25,0,0.0,54325230.0
09:42:03 AM,288.25,925,266631.25,54591861.25
09:42:03 AM,289.15,0,0.0,54591861.25
09:42:04 AM,289.15,75,21686.25,54613547.5
09:42:04 AM,289.25,0,0.0,54613547.5
09:42:06 AM,289.25,25,7231.25,54620778.75
09:42:07 AM,289.5,0,0.0,54620778.75
09:42:08 AM,289.5,100,28950.0,54649728.75
09:42:10 AM,291.3,0,0.0,54649728.75
09:42:10 AM,292.1,0,0.0,54649728.75
09:42:11 AM,292.1,100,29210.000000000004,54678938.75
09:42:12 AM,292.9,0,0.0,54678938.75
09:42:13 AM,292.9,75,21967.5,54700906.25
09:42:14 AM,290.5,0,0.0,54700906.25
09:42:14 AM,290.5,50,14525.0,54715431.25
09:42:15 AM,288.9,0,0.0,54715431.25
09:42:16 AM,287.05,0,0.0,54715431.25
09:42:16 AM,287.05,175,50233.75,54765665.0
09:42:16 AM,286.85,0,0.0,54765665.0
09:42:18 AM,286.55,0,0.0,54765665.0
09:42:18 AM,286.55,175,50146.25,54815811.25
09:42:18 AM,286.5,0,0.0,54815811.25
09:42:19 AM,288.05,100,28805.0,54844616.25
09:42:20 AM,289.0,0,0.0,54844616.25
09:42:21 AM,289.0,50,14450.0,54859066.25
09:42:22 AM,289.45,0,0.0,54859066.25
09:42:23 AM,289.45,75,21708.75,54880775.0
09:42:24 AM,288.8,75,21660.0,54902435.0
09:42:26 AM,288.85,0,0.0,54902435.0
09:42:27 AM,288.85,75,21663.75,54924098.75
09:42:28 AM,289.45,0,0.0,54924098.75
09:42:28 AM,289.7,0,0.0,54924098.75
09:42:29 AM,289.7,125,36212.5,54960311.25
09:42:30 AM,290.55,0,0.0,54960311.25
09:42:30 AM,288.8,0,0.0,54960311.25
09:42:31 AM,288.8,50,14440.0,54974751.25
09:42:32 AM,287.55,0,0.0,54974751.25
09:42:32 AM,289.6,125,36200.0,55010951.25
09:42:33 AM,290.4,0,0.0,55010951.25
09:42:34 AM,290.4,225,65339.99999999999,55076291.25
09:42:34 AM,288.85,0,0.0,55076291.25
09:42:35 AM,290.2,0,0.0,55076291.25
09:42:36 AM,290.2,125,36275.0,55112566.25
09:42:37 AM,288.9,0,0.0,55112566.25
09:42:37 AM,288.9,25,7222.499999999999,55119788.75
09:42:38 AM,289.0,0,0.0,55119788.75
09:42:39 AM,290.95,0,0.0,55119788.75
09:42:39 AM,290.95,100,29095.0,55148883.75
09:42:40 AM,290.7,0,0.0,55148883.75
09:42:41 AM,290.7,25,7267.5,55156151.25
09:42:41 AM,291.7,0,0.0,55156151.25
09:42:42 AM,291.7,150,43755.0,55199906.25
09:42:44 AM,289.55,0,0.0,55199906.25
09:42:44 AM,289.55,50,14477.5,55214383.75
09:42:45 AM,290.25,0,0.0,55214383.75
09:42:46 AM,290.25,25,7256.25,55221640.0
09:42:46 AM,290.95,0,0.0,55221640.0
09:42:47 AM,292.0,0,0.0,55221640.0
09:42:47 AM,292.0,75,21900.0,55243540.0
09:42:48 AM,290.2,0,0.0,55243540.0
09:42:49 AM,290.2,50,14510.0,55258050.0
09:42:50 AM,290.55,0,0.0,55258050.0
09:42:51 AM,290.55,50,14527.5,55272577.5
09:42:52 AM,291.4,100,29139.999999999996,55301717.5
09:42:54 AM,290.9,0,0.0,55301717.5
09:42:54 AM,290.9,25,7272.499999999999,55308990.0
09:42:55 AM,290.7,0,0.0,55308990.0
09:42:56 AM,290.7,25,7267.5,55316257.5
09:42:57 AM,291.25,0,0.0,55316257.5
09:42:57 AM,291.05,75,21828.75,55338086.25
09:42:58 AM,291.15,0,0.0,55338086.25
09:42:59 AM,291.15,50,14557.499999999998,55352643.75
09:43:00 AM,288.8,0,0.0,55352643.75
09:43:00 AM,289.1,0,0.0,55352643.75
09:43:01 AM,288.3,250,72075.0,55424718.75
09:43:01 AM,288.95,0,0.0,55424718.75
09:43:02 AM,287.0,75,21525.0,55446243.75
09:43:03 AM,287.15,0,0.0,55446243.75
09:43:04 AM,287.15,200,57429.99999999999,55503673.75
09:43:05 AM,287.65,0,0.0,55503673.75
09:43:06 AM,287.65,25,7191.249999999999,55510865.0
09:43:08 AM,286.9,0,0.0,55510865.0
09:43:09 AM,286.9,25,7172.499999999999,55518037.5
09:43:15 AM,290.9,0,0.0,55518037.5
09:43:16 AM,290.9,125,36362.5,55554400.0
09:43:16 AM,290.8,0,0.0,55554400.0
09:43:17 AM,290.0,0,0.0,55554400.0
09:43:17 AM,290.0,1075,311750.0,55866150.0
09:43:18 AM,291.35,0,0.0,55866150.0
09:43:19 AM,291.35,125,36418.75,55902568.75
09:43:21 AM,290.5,0,0.0,55902568.75
09:43:22 AM,288.5,0,0.0,55902568.75
09:43:22 AM,288.5,200,57700.0,55960268.75
09:43:25 AM,288.35,0,0.0,55960268.75
09:43:26 AM,285.8,0,0.0,55960268.75
09:43:26 AM,285.0,1675,477375.0,56437643.75
09:43:27 AM,282.7,175,49472.5,56487116.25
09:43:28 AM,282.8,0,0.0,56487116.25
09:43:29 AM,282.8,150,42420.0,56529536.25
09:43:30 AM,282.85,0,0.0,56529536.25
09:43:30 AM,283.05,0,0.0,56529536.25
09:43:31 AM,282.9,275,77797.5,56607333.75
09:43:31 AM,282.5,0,0.0,56607333.75
09:43:32 AM,282.5,50,14125.0,56621458.75
09:43:33 AM,281.45,0,0.0,56621458.75
09:43:34 AM,282.75,775,219131.25,56840590.0
09:43:35 AM,281.15,0,0.0,56840590.0
09:43:36 AM,281.15,100,28114.999999999996,56868705.0
09:43:36 AM,280.5,0,0.0,56868705.0
09:43:37 AM,280.5,1000,280500.0,57149205.0
09:43:38 AM,282.2,0,0.0,57149205.0
09:43:39 AM,282.2,25,7055.0,57156260.0
09:43:41 AM,279.9,0,0.0,57156260.0
09:43:42 AM,279.9,625,174937.5,57331197.5
09:43:43 AM,278.05,0,0.0,57331197.5
09:43:44 AM,278.95,1275,355661.25,57686858.75
09:43:44 AM,279.9,0,0.0,57686858.75
09:43:46 AM,280.1,0,0.0,57686858.75
09:43:46 AM,280.1,125,35012.5,57721871.25
09:43:47 AM,280.0,0,0.0,57721871.25
09:43:47 AM,280.0,150,42000.0,57763871.25
09:43:48 AM,278.45,0,0.0,57763871.25
09:43:48 AM,278.35,0,0.0,57763871.25
09:43:49 AM,278.8,200,55760.0,57819631.25
09:43:51 AM,278.7,0,0.0,57819631.25
09:43:51 AM,278.7,25,6967.5,57826598.75
09:43:52 AM,278.6,0,0.0,57826598.75
09:43:52 AM,276.7,500,138350.0,57964948.75
09:43:54 AM,277.35,0,0.0,57964948.75
09:43:54 AM,277.6,175,48580.00000000001,58013528.75
09:43:55 AM,276.6,0,0.0,58013528.75
09:43:56 AM,276.6,100,27660.000000000004,58041188.75
09:43:56 AM,276.85,0,0.0,58041188.75
09:43:57 AM,276.85,275,76133.75,58117322.5
09:43:59 AM,275.2,0,0.0,58117322.5
09:43:59 AM,275.2,150,41280.0,58158602.5
09:43:59 AM,275.65,0,0.0,58158602.5
09:44:01 AM,275.85,150,41377.5,58199980.0
09:44:02 AM,276.05,0,0.0,58199980.0
09:44:02 AM,276.4,200,55279.99999999999,58255260.0
09:44:03 AM,278.7,0,0.0,58255260.0
09:44:04 AM,276.8,425,117640.0,58372900.0
09:44:06 AM,276.85,50,13842.500000000002,58386742.5
09:44:06 AM,276.8,0,0.0,58386742.5
09:44:07 AM,276.8,25,6920.0,58393662.5
09:44:08 AM,275.8,0,0.0,58393662.5
09:44:09 AM,275.8,25,6895.0,58400557.5
09:44:10 AM,280.6,0,0.0,58400557.5
09:44:11 AM,280.6,100,28060.000000000004,58428617.5
09:44:11 AM,281.95,0,0.0,58428617.5
09:44:12 AM,281.8,0,0.0,58428617.5
09:44:12 AM,282.55,1200,339060.0,58767677.5
09:44:13 AM,279.85,0,0.0,58767677.5
09:44:14 AM,279.85,175,48973.75000000001,58816651.25
09:44:15 AM,278.75,0,0.0,58816651.25
09:44:15 AM,277.4,0,0.0,58816651.25
09:44:16 AM,277.95,625,173718.75,58990370.0
09:44:17 AM,277.95,25,6948.75,58997318.75
09:44:18 AM,280.3,0,0.0,58997318.75
09:44:19 AM,281.7,0,0.0,58997318.75
09:44:19 AM,281.7,350,98595.0,59095913.75
09:44:20 AM,278.8,0,0.0,59095913.75
09:44:21 AM,278.8,300,83640.0,59179553.75
09:44:22 AM,278.05,0,0.0,59179553.75
09:44:22 AM,278.75,75,20906.25,59200460.0
09:44:23 AM,280.75,0,0.0,59200460.0
09:44:24 AM,280.85,150,42127.5,59242587.5
09:44:25 AM,282.15,0,0.0,59242587.5
09:44:26 AM,282.15,25,7053.749999999999,59249641.25
09:44:27 AM,282.45,0,0.0,59249641.25
09:44:27 AM,282.45,50,14122.5,59263763.75
09:44:28 AM,282.4,0,0.0,59263763.75
09:44:29 AM,282.4,25,7059.999999999999,59270823.75
09:44:29 AM,284.0,0,0.0,59270823.75
09:44:30 AM,284.65,0,0.0,59270823.75
09:44:31 AM,283.5,575,163012.5,59433836.25
09:44:31 AM,283.35,0,0.0,59433836.25
09:44:32 AM,283.1,0,0.0,59433836.25
09:44:32 AM,283.1,375,106162.50000000001,59539998.75
09:44:34 AM,283.55,0,0.0,59539998.75
09:44:34 AM,283.55,50,14177.5,59554176.25
09:44:34 AM,282.0,0,0.0,59554176.25
09:44:35 AM,281.95,0,0.0,59554176.25
09:44:36 AM,281.95,75,21146.25,59575322.5
09:44:37 AM,282.6,0,0.0,59575322.5
09:44:37 AM,282.6,25,7065.000000000001,59582387.5
09:44:38 AM,283.7,0,0.0,59582387.5
09:44:39 AM,283.7,25,7092.5,59589480.0
09:44:40 AM,283.85,0,0.0,59589480.0
09:44:40 AM,283.8,0,0.0,59589480.0
09:44:41 AM,283.9,175,49682.49999999999,59639162.5
09:44:42 AM,282.7,0,0.0,59639162.5
09:44:42 AM,282.7,250,70675.0,59709837.5
09:44:44 AM,281.2,0,0.0,59709837.5
09:44:44 AM,281.3,75,21097.5,59730935.0
09:44:46 AM,282.0,0,0.0,59730935.0
09:44:46 AM,282.0,125,35250.0,59766185.0
09:44:46 AM,282.9,0,0.0,59766185.0
09:44:47 AM,284.05,150,42607.5,59808792.5
09:44:49 AM,284.6,0,0.0,59808792.5
09:44:49 AM,284.6,75,21345.0,59830137.5
09:44:49 AM,285.0,0,0.0,59830137.5
09:44:50 AM,286.35,0,0.0,59830137.5
09:44:51 AM,286.35,350,100222.50000000001,59930360.0
09:44:51 AM,286.2,0,0.0,59930360.0
09:44:52 AM,286.2,25,7155.0,59937515.0
09:44:53 AM,283.75,0,0.0,59937515.0
09:44:54 AM,282.8,0,0.0,59937515.0
09:44:54 AM,283.6,300,85080.0,60022595.0
09:44:55 AM,284.25,0,0.0,60022595.0
09:44:56 AM,285.25,525,149756.25,60172351.25
09:44:57 AM,285.35,0,0.0,60172351.25
09:44:57 AM,285.35,25,7133.750000000001,60179485.0
09:44:59 AM,286.0,0,0.0,60179485.0
09:44:59 AM,286.0,25,7150.0,60186635.0
09:45:01 AM,284.0,0,0.0,60186635.0
09:45:01 AM,283.95,0,0.0,60186635.0
09:45:02 AM,283.95,125,35493.75,60222128.75
09:45:04 AM,282.3,0,0.0,60222128.75
09:45:04 AM,281.3,700,196910.0,60419038.75
09:45:05 AM,279.3,0,0.0,60419038.75
09:45:06 AM,279.9,750,209924.99999999997,60628963.75
09:45:07 AM,279.9,50,13994.999999999998,60642958.75
09:45:09 AM,279.1,0,0.0,60642958.75
09:45:09 AM,279.7,0,0.0,60642958.75
09:45:11 AM,279.7,175,48947.5,60691906.25
09:45:11 AM,281.0,0,0.0,60691906.25
09:45:12 AM,282.5,0,0.0,60691906.25
09:45:12 AM,282.5,150,42375.0,60734281.25
09:45:13 AM,282.1,0,0.0,60734281.25
09:45:13 AM,281.4,0,0.0,60734281.25
09:45:14 AM,281.4,75,21105.0,60755386.25
09:45:15 AM,282.15,0,0.0,60755386.25
09:45:16 AM,282.15,300,84645.0,60840031.25
09:45:16 AM,282.65,0,0.0,60840031.25
09:45:17 AM,281.0,0,0.0,60840031.25
09:45:17 AM,281.0,975,273975.0,61114006.25
09:45:19 AM,285.4,0,0.0,61114006.25
09:45:21 AM,285.6,0,0.0,61114006.25
09:45:21 AM,285.6,425,121380.00000000001,61235386.25
09:45:22 AM,283.75,0,0.0,61235386.25
09:45:22 AM,283.75,250,70937.5,61306323.75
09:45:23 AM,282.55,0,0.0,61306323.75
09:45:24 AM,282.55,25,7063.75,61313387.5
09:45:25 AM,281.55,0,0.0,61313387.5
09:45:26 AM,281.25,0,0.0,61313387.5
09:45:26 AM,281.25,275,77343.75,61390731.25
09:45:27 AM,281.05,0,0.0,61390731.25
09:45:27 AM,281.05,25,7026.25,61397757.5
09:45:29 AM,282.45,0,0.0,61397757.5
09:45:29 AM,282.45,250,70612.5,61468370.0
09:45:30 AM,283.55,0,0.0,61468370.0
09:45:31 AM,284.15,50,14207.499999999998,61482577.5
09:45:32 AM,284.1,0,0.0,61482577.5
09:45:32 AM,284.1,25,7102.500000000001,61489680.0
09:45:33 AM,285.0,0,0.0,61489680.0
09:45:34 AM,285.0,25,7125.0,61496805.0
09:45:35 AM,288.0,0,0.0,61496805.0
09:45:36 AM,288.1,0,0.0,61496805.0
09:45:36 AM,288.1,150,43215.0,61540020.0
09:45:36 AM,288.9,0,0.0,61540020.0
09:45:37 AM,295.85,2000,591700.0,62131720.0
09:45:38 AM,299.55,0,0.0,62131720.0
09:45:39 AM,301.5,0,0.0,62131720.0
09:45:39 AM,300.45,2225,668501.25,62800221.25
09:45:39 AM,301.35,0,0.0,62800221.25
09:45:40 AM,301.05,0,0.0,62800221.25
09:45:41 AM,300.4,1650,495659.99999999994,63295881.25
09:45:42 AM,300.25,0,0.0,63295881.25
09:45:42 AM,300.25,50,15012.5,63310893.75
09:45:43 AM,296.7,0,0.0,63310893.75
09:45:44 AM,296.35,0,0.0,63310893.75
09:45:44 AM,294.55,1200,353460.0,63664353.75
09:45:44 AM,294.95,0,0.0,63664353.75
09:45:45 AM,294.65,0,0.0,63664353.75
09:45:46 AM,293.65,550,161507.5,63825861.25
09:45:46 AM,294.1,0,0.0,63825861.25
09:45:48 AM,294.1,50,14705.000000000002,63840566.25
09:45:48 AM,299.15,0,0.0,63840566.25
09:45:49 AM,298.1,0,0.0,63840566.25
09:45:49 AM,298.1,475,141597.5,63982163.75
09:45:50 AM,298.6,0,0.0,63982163.75
09:45:51 AM,299.2,0,0.0,63982163.75
09:45:51 AM,299.2,350,104720.0,64086883.75
09:45:51 AM,297.8,0,0.0,64086883.75
09:45:53 AM,294.95,600,176970.0,64263853.75
09:45:53 AM,296.3,0,0.0,64263853.75
09:45:54 AM,296.3,25,7407.5,64271261.25
09:45:54 AM,297.25,0,0.0,64271261.25
09:45:55 AM,297.35,0,0.0,64271261.25
09:45:56 AM,297.2,400,118880.0,64390141.25
09:45:57 AM,297.55,0,0.0,64390141.25
09:45:58 AM,300.95,100,30095.0,64420236.25
09:45:58 AM,302.05,0,0.0,64420236.25
09:45:59 AM,300.55,125,37568.75,64457805.0
09:46:00 AM,297.85,0,0.0,64457805.0
09:46:01 AM,296.4,225,66690.0,64524495.0
09:46:01 AM,296.8,0,0.0,64524495.0
09:46:02 AM,295.55,0,0.0,64524495.0
09:46:03 AM,295.55,175,51721.25,64576216.25
09:46:04 AM,297.6,0,0.0,64576216.25
09:46:04 AM,295.3,75,22147.5,64598363.75
09:46:05 AM,296.9,0,0.0,64598363.75
09:46:06 AM,296.9,25,7422.499999999999,64605786.25
09:46:07 AM,294.55,0,0.0,64605786.25
09:46:07 AM,295.9,0,0.0,64605786.25
09:46:08 AM,295.9,600,177540.0,64783326.25
09:46:08 AM,297.55,0,0.0,64783326.25
09:46:09 AM,297.55,175,52071.25,64835397.5
09:46:11 AM,299.0,0,0.0,64835397.5
09:46:11 AM,299.0,25,7475.0,64842872.5
09:46:13 AM,298.25,0,0.0,64842872.5
09:46:14 AM,298.25,25,7456.25,64850328.75
09:46:15 AM,295.85,0,0.0,64850328.75
09:46:15 AM,296.7,0,0.0,64850328.75
09:46:16 AM,296.7,250,74175.0,64924503.75
09:46:17 AM,295.9,0,0.0,64924503.75
09:46:18 AM,295.9,50,14794.999999999998,64939298.75
09:46:18 AM,295.5,0,0.0,64939298.75
09:46:18 AM,293.85,0,0.0,64939298.75
09:46:19 AM,293.3,125,36662.5,64975961.25
09:46:21 AM,293.65,25,7341.249999999999,64983302.5
09:46:22 AM,293.45,0,0.0,64983302.5
09:46:23 AM,293.45,25,7336.25,64990638.75
09:46:24 AM,293.75,0,0.0,64990638.75
09:46:24 AM,292.8,75,21960.0,65012598.75
09:46:26 AM,292.7,0,0.0,65012598.75
09:46:26 AM,291.95,50,14597.5,65027196.25
09:46:26 AM,292.4,0,0.0,65027196.25
09:46:28 AM,291.95,300,87585.0,65114781.25
09:46:28 AM,291.9,0,0.0,65114781.25
09:46:29 AM,293.3,75,21997.5,65136778.75
09:46:30 AM,292.8,0,0.0,65136778.75
09:46:31 AM,291.0,175,50925.0,65187703.75
09:46:33 AM,290.1,0,0.0,65187703.75
09:46:34 AM,290.2,0,0.0,65187703.75
09:46:34 AM,290.2,50,14510.0,65202213.75
09:46:34 AM,288.8,0,0.0,65202213.75
09:46:36 AM,288.8,1825,527060.0,65729273.75
09:46:36 AM,291.15,0,0.0,65729273.75
09:46:37 AM,292.15,0,0.0,65729273.75
09:46:38 AM,292.15,475,138771.25,65868045.0
09:46:42 AM,289.05,0,0.0,65868045.0
09:46:43 AM,289.05,25,7226.25,65875271.25
09:46:43 AM,289.1,0,0.0,65875271.25
09:46:43 AM,289.9,0,0.0,65875271.25
09:46:44 AM,290.35,300,87105.0,65962376.25
09:46:45 AM,287.0,0,0.0,65962376.25
09:46:45 AM,286.7,0,0.0,65962376.25
09:46:46 AM,286.7,325,93177.5,66055553.75
09:46:47 AM,284.5,0,0.0,66055553.75
09:46:48 AM,284.25,200,56850.0,66112403.75
09:46:48 AM,284.9,0,0.0,66112403.75
09:46:49 AM,285.0,50,14250.0,66126653.75
09:46:49 AM,283.95,0,0.0,66126653.75
09:46:50 AM,285.9,0,0.0,66126653.75
09:46:51 AM,284.8,175,49840.0,66176493.75
09:46:52 AM,284.45,0,0.0,66176493.75
09:46:52 AM,284.9,0,0.0,66176493.75
09:46:53 AM,284.9,600,170940.0,66347433.75
09:46:53 AM,284.4,0,0.0,66347433.75
09:46:54 AM,284.4,75,21330.0,66368763.75
09:46:56 AM,282.0,0,0.0,66368763.75
09:46:56 AM,282.0,25,7050.0,66375813.75
09:46:57 AM,283.3,0,0.0,66375813.75
09:46:58 AM,283.3,25,7082.5,66382896.25
09:47:00 AM,284.25,0,0.0,66382896.25
09:47:01 AM,281.85,375,105693.75000000001,66488590.0
09:47:03 AM,282.9,0,0.0,66488590.0
09:47:04 AM,282.9,75,21217.5,66509807.5
09:47:05 AM,283.7,0,0.0,66509807.5
09:47:05 AM,280.25,0,0.0,66509807.5
09:47:06 AM,281.05,350,98367.5,66608175.0
09:47:06 AM,284.05,0,0.0,66608175.0
09:47:08 AM,284.05,25,7101.25,66615276.25
09:47:09 AM,283.15,0,0.0,66615276.25
09:47:09 AM,283.15,275,77866.25,66693142.5
09:47:10 AM,281.6,0,0.0,66693142.5
09:47:11 AM,281.4,0,0.0,66693142.5
09:47:11 AM,281.2,1900,534280.0,67227422.5
09:47:13 AM,282.05,250,70512.5,67297935.0
09:47:13 AM,281.6,0,0.0,67297935.0
09:47:14 AM,281.6,25,7040.000000000001,67304975.0
09:47:16 AM,278.35,0,0.0,67304975.0
09:47:16 AM,278.35,450,125257.50000000001,67430232.5
09:47:17 AM,280.0,0,0.0,67430232.5
09:47:18 AM,280.0,50,14000.0,67444232.5
09:47:18 AM,282.85,0,0.0,67444232.5
09:47:19 AM,282.85,200,56570.00000000001,67500802.5
09:47:19 AM,282.7,0,0.0,67500802.5
09:47:20 AM,281.95,0,0.0,67500802.5
09:47:21 AM,281.95,175,49341.25,67550143.75
09:47:21 AM,285.0,0,0.0,67550143.75
09:47:23 AM,285.0,600,171000.0,67721143.75
09:47:23 AM,287.35,0,0.0,67721143.75
09:47:24 AM,287.25,0,0.0,67721143.75
09:47:24 AM,285.8,1550,442990.0,68164133.75
09:47:24 AM,285.9,0,0.0,68164133.75
09:47:26 AM,285.9,75,21442.5,68185576.25
09:47:27 AM,283.75,0,0.0,68185576.25
09:47:27 AM,283.75,50,14187.5,68199763.75
09:47:28 AM,283.5,0,0.0,68199763.75
09:47:29 AM,284.75,0,0.0,68199763.75
09:47:29 AM,284.75,100,28475.0,68228238.75
09:47:31 AM,283.95,0,0.0,68228238.75
09:47:32 AM,283.95,25,7098.75,68235337.5
09:47:34 AM,283.05,0,0.0,68235337.5
09:47:34 AM,283.9,0,0.0,68235337.5
09:47:36 AM,283.9,50,14194.999999999998,68249532.5
09:47:37 AM,279.25,0,0.0,68249532.5
09:47:37 AM,280.3,75,21022.5,68270555.0
09:47:39 AM,278.75,25,6968.75,68277523.75
09:47:41 AM,278.1,25,6952.500000000001,68284476.25
09:47:42 AM,278.85,0,0.0,68284476.25
09:47:42 AM,278.85,25,6971.250000000001,68291447.5
09:47:44 AM,280.25,0,0.0,68291447.5
09:47:46 AM,280.25,25,7006.25,68298453.75
09:47:50 AM,277.25,0,0.0,68298453.75
09:47:51 AM,277.25,25,6931.25,68305385.0
09:47:53 AM,277.65,0,0.0,68305385.0
09:47:54 AM,278.2,0,0.0,68305385.0
09:47:54 AM,278.2,750,208650.0,68514035.0
09:47:57 AM,276.65,0,0.0,68514035.0
09:47:57 AM,278.15,75,20861.25,68534896.25
09:47:59 AM,278.85,0,0.0,68534896.25
09:47:59 AM,278.9,150,41835.0,68576731.25
09:48:00 AM,279.25,0,0.0,68576731.25
09:48:01 AM,279.25,50,13962.5,68590693.75
09:48:01 AM,278.55,0,0.0,68590693.75
09:48:02 AM,279.25,0,0.0,68590693.75
09:48:03 AM,279.25,150,41887.5,68632581.25
09:48:03 AM,278.8,0,0.0,68632581.25
09:48:04 AM,279.25,0,0.0,68632581.25
09:48:04 AM,279.25,100,27925.0,68660506.25
09:48:05 AM,278.35,0,0.0,68660506.25
09:48:06 AM,277.25,0,0.0,68660506.25
09:48:06 AM,279.75,300,83925.0,68744431.25
09:48:07 AM,279.7,0,0.0,68744431.25
09:48:08 AM,277.95,0,0.0,68744431.25
09:48:08 AM,277.95,175,48641.25,68793072.5
09:48:09 AM,278.85,0,0.0,68793072.5
09:48:09 AM,278.2,75,20865.0,68813937.5
09:48:10 AM,277.7,0,0.0,68813937.5
09:48:11 AM,278.3,0,0.0,68813937.5
09:48:11 AM,278.3,2350,654005.0,69467942.5
09:48:12 AM,277.45,0,0.0,69467942.5
09:48:12 AM,277.45,50,13872.5,69481815.0
09:48:13 AM,276.5,0,0.0,69481815.0
09:48:14 AM,278.3,200,55660.0,69537475.0
09:48:16 AM,278.8,0,0.0,69537475.0
09:48:16 AM,278.8,50,13940.0,69551415.0
09:48:17 AM,278.5,0,0.0,69551415.0
09:48:17 AM,278.95,150,41842.5,69593257.5
09:48:18 AM,279.0,0,0.0,69593257.5
09:48:19 AM,280.95,0,0.0,69593257.5
09:48:19 AM,280.95,75,21071.25,69614328.75
09:48:20 AM,281.05,0,0.0,69614328.75
09:48:21 AM,282.05,0,0.0,69614328.75
09:48:21 AM,282.05,575,162178.75,69776507.5
09:48:22 AM,281.05,0,0.0,69776507.5
09:48:22 AM,281.05,75,21078.75,69797586.25
09:48:23 AM,279.05,0,0.0,69797586.25
09:48:24 AM,277.0,0,0.0,69797586.25
09:48:24 AM,277.15,75,20786.25,69818372.5
09:48:26 AM,277.7,0,0.0,69818372.5
09:48:26 AM,277.7,25,6942.5,69825315.0
09:48:27 AM,277.6,0,0.0,69825315.0
09:48:27 AM,277.6,25,6940.000000000001,69832255.0
09:48:28 AM,280.1,0,0.0,69832255.0
09:48:29 AM,279.5,0,0.0,69832255.0
09:48:29 AM,279.6,100,27960.000000000004,69860215.0
09:48:30 AM,278.85,0,0.0,69860215.0
09:48:31 AM,278.85,25,6971.250000000001,69867186.25
09:48:31 AM,276.65,0,0.0,69867186.25
09:48:32 AM,276.25,0,0.0,69867186.25
09:48:32 AM,270.25,1575,425643.75,70292830.0
09:48:33 AM,271.1,0,0.0,70292830.0
09:48:34 AM,273.1,0,0.0,70292830.0
09:48:34 AM,272.65,275,74978.75,70367808.75
09:48:35 AM,274.05,0,0.0,70367808.75
09:48:36 AM,274.95,0,0.0,70367808.75
09:48:36 AM,274.95,250,68737.5,70436546.25
09:48:37 AM,272.6,0,0.0,70436546.25
09:48:37 AM,272.6,2125,579275.0,71015821.25
09:48:38 AM,273.15,0,0.0,71015821.25
09:48:39 AM,274.1,0,0.0,71015821.25
09:48:39 AM,274.1,50,13705.000000000002,71029526.25
09:48:40 AM,273.25,0,0.0,71029526.25
09:48:41 AM,274.25,0,0.0,71029526.25
09:48:41 AM,274.25,575,157693.75,71187220.0
09:48:43 AM,274.85,0,0.0,71187220.0
09:48:44 AM,274.95,0,0.0,71187220.0
09:48:44 AM,274.95,75,20621.25,71207841.25
09:48:45 AM,275.95,0,0.0,71207841.25
09:48:46 AM,277.0,0,0.0,71207841.25
09:48:46 AM,277.0,625,173125.0,71380966.25
09:48:47 AM,274.95,0,0.0,71380966.25
09:48:47 AM,274.95,25,6873.75,71387840.0
09:48:48 AM,274.7,0,0.0,71387840.0
09:48:49 AM,275.25,0,0.0,71387840.0
09:48:49 AM,275.25,50,13762.5,71401602.5
09:48:52 AM,274.5,0,0.0,71401602.5
09:48:52 AM,275.15,125,34393.75,71435996.25
09:48:54 AM,275.8,0,0.0,71435996.25
09:48:54 AM,275.8,125,34475.0,71470471.25
09:48:56 AM,276.85,0,0.0,71470471.25
09:48:57 AM,278.0,0,0.0,71470471.25
09:48:57 AM,278.0,825,229350.0,71699821.25
09:48:59 AM,277.0,0,0.0,71699821.25
09:49:00 AM,278.5,0,0.0,71699821.25
09:49:01 AM,277.95,0,0.0,71699821.25
09:49:01 AM,277.95,1050,291847.5,71991668.75
09:49:02 AM,277.45,0,0.0,71991668.75
09:49:02 AM,277.45,25,6936.25,71998605.0
09:49:03 AM,275.45,0,0.0,71998605.0
09:49:04 AM,268.8,0,0.0,71998605.0
09:49:04 AM,268.8,1625,436800.0,72435405.0
09:49:05 AM,269.55,0,0.0,72435405.0
09:49:06 AM,269.55,25,6738.75,72442143.75
09:49:07 AM,272.05,0,0.0,72442143.75
09:49:07 AM,273.15,100,27314.999999999996,72469458.75
09:49:09 AM,275.35,0,0.0,72469458.75
09:49:09 AM,275.9,50,13794.999999999998,72483253.75
09:49:10 AM,276.7,0,0.0,72483253.75
09:49:11 AM,276.7,150,41505.0,72524758.75
09:49:12 AM,277.8,0,0.0,72524758.75
09:49:12 AM,277.8,300,83340.0,72608098.75
09:49:13 AM,277.6,0,0.0,72608098.75
09:49:14 AM,275.7,0,0.0,72608098.75
09:49:14 AM,275.7,850,234345.0,72842443.75
09:49:16 AM,274.05,0,0.0,72842443.75
09:49:16 AM,274.05,25,6851.25,72849295.0
09:49:20 AM,279.8,0,0.0,72849295.0
09:49:21 AM,278.65,0,0.0,72849295.0
09:49:21 AM,277.7,575,159677.5,73008972.5
09:49:22 AM,276.85,0,0.0,73008972.5
09:49:22 AM,276.85,50,13842.500000000002,73022815.0
09:49:23 AM,276.1,0,0.0,73022815.0
09:49:24 AM,276.1,25,6902.500000000001,73029717.5
09:49:25 AM,277.15,0,0.0,73029717.5
09:49:26 AM,277.15,400,110859.99999999999,73140577.5
09:49:27 AM,277.9,0,0.0,73140577.5
09:49:27 AM,277.9,750,208424.99999999997,73349002.5
09:49:29 AM,277.6,0,0.0,73349002.5
09:49:29 AM,277.6,500,138800.0,73487802.5
09:49:31 AM,277.1,0,0.0,73487802.5
09:49:32 AM,276.9,0,0.0,73487802.5
09:49:32 AM,276.9,475,131527.5,73619330.0
09:49:34 AM,277.3,0,0.0,73619330.0
09:49:34 AM,277.3,250,69325.0,73688655.0
09:49:35 AM,277.15,0,0.0,73688655.0
09:49:36 AM,276.25,0,0.0,73688655.0
09:49:36 AM,276.25,125,34531.25,73723186.25
09:49:37 AM,276.7,0,0.0,73723186.25
09:49:37 AM,276.5,50,13825.0,73737011.25
09:49:39 AM,274.7,0,0.0,73737011.25
09:49:39 AM,274.7,100,27470.0,73764481.25
09:49:40 AM,273.0,0,0.0,73764481.25
09:49:41 AM,273.35,650,177677.50000000003,73942158.75
09:49:44 AM,270.9,0,0.0,73942158.75
09:49:44 AM,270.9,25,6772.499999999999,73948931.25
09:49:45 AM,270.85,0,0.0,73948931.25
09:49:45 AM,270.85,100,27085.000000000004,73976016.25
09:49:46 AM,271.2,0,0.0,73976016.25
09:49:47 AM,271.15,0,0.0,73976016.25
09:49:47 AM,271.15,1100,298265.0,74274281.25
09:49:48 AM,271.45,0,0.0,74274281.25
09:49:49 AM,272.35,0,0.0,74274281.25
09:49:49 AM,272.35,350,95322.50000000001,74369603.75
09:49:51 AM,271.55,0,0.0,74369603.75
09:49:52 AM,271.55,25,6788.75,74376392.5
09:49:52 AM,270.2,0,0.0,74376392.5
09:49:53 AM,270.0,0,0.0,74376392.5
09:49:54 AM,270.0,75,20250.0,74396642.5
09:49:55 AM,271.35,0,0.0,74396642.5
09:49:55 AM,269.9,425,114707.49999999999,74511350.0
09:49:57 AM,268.5,0,0.0,74511350.0
09:49:58 AM,268.95,0,0.0,74511350.0
09:49:59 AM,267.05,700,186935.0,74698285.0
09:50:00 AM,269.55,0,0.0,74698285.0
09:50:00 AM,267.85,50,13392.500000000002,74711677.5
09:50:01 AM,268.15,0,0.0,74711677.5
09:50:02 AM,269.1,0,0.0,74711677.5
09:50:02 AM,269.1,425,114367.50000000001,74826045.0
09:50:03 AM,268.9,0,0.0,74826045.0
09:50:04 AM,269.75,0,0.0,74826045.0
09:50:04 AM,269.85,625,168656.25,74994701.25
09:50:05 AM,270.3,0,0.0,74994701.25
09:50:05 AM,270.65,175,47363.74999999999,75042065.0
09:50:07 AM,270.65,50,13532.499999999998,75055597.5
09:50:08 AM,268.85,0,0.0,75055597.5
09:50:09 AM,268.85,250,67212.5,75122810.0
09:50:09 AM,266.0,0,0.0,75122810.0
09:50:10 AM,267.0,0,0.0,75122810.0
09:50:10 AM,267.0,275,73425.0,75196235.0
09:50:12 AM,268.0,0,0.0,75196235.0
09:50:14 AM,268.0,25,6700.0,75202935.0
09:50:14 AM,270.05,0,0.0,75202935.0
09:50:15 AM,270.15,75,20261.25,75223196.25
09:50:17 AM,267.0,0,0.0,75223196.25
09:50:19 AM,267.0,25,6675.0,75229871.25
09:50:19 AM,265.0,0,0.0,75229871.25
09:50:20 AM,263.8,0,0.0,75229871.25
09:50:20 AM,263.8,3400,896920.0,76126791.25
09:50:21 AM,263.25,0,0.0,76126791.25
09:50:22 AM,262.8,0,0.0,76126791.25
09:50:22 AM,262.8,3500,919800.0,77046591.25
09:50:23 AM,263.4,0,0.0,77046591.25
09:50:24 AM,263.0,1100,289300.0,77335891.25
09:50:24 AM,263.65,0,0.0,77335891.25
09:50:25 AM,264.25,0,0.0,77335891.25
09:50:25 AM,264.9,1125,298012.5,77633903.75
09:50:26 AM,264.5,0,0.0,77633903.75
09:50:27 AM,265.7,0,0.0,77633903.75
09:50:27 AM,265.55,175,46471.25,77680375.0
09:50:28 AM,265.7,0,0.0,77680375.0
09:50:29 AM,265.7,525,139492.5,77819867.5
09:50:29 AM,265.2,0,0.0,77819867.5
09:50:30 AM,265.75,0,0.0,77819867.5
09:50:30 AM,264.2,1450,383090.0,78202957.5
09:50:31 AM,264.15,0,0.0,78202957.5
09:50:32 AM,264.15,250,66037.5,78268995.0
09:50:34 AM,264.5,1300,343850.0,78612845.0
09:50:35 AM,264.05,0,0.0,78612845.0
09:50:35 AM,264.05,775,204638.75,78817483.75
09:50:36 AM,263.2,0,0.0,78817483.75
09:50:37 AM,260.85,0,0.0,78817483.75
09:50:37 AM,260.85,1425,371711.25000000006,79189195.0
09:50:38 AM,262.2,0,0.0,79189195.0
09:50:39 AM,261.5,75,19612.5,79208807.5
09:50:40 AM,263.35,0,0.0,79208807.5
09:50:40 AM,263.4,700,184379.99999999997,79393187.5
09:50:42 AM,261.95,0,0.0,79393187.5
09:50:43 AM,261.7,0,0.0,79393187.5
09:50:44 AM,263.55,1375,362381.25,79755568.75
09:50:45 AM,265.4,0,0.0,79755568.75
09:50:45 AM,265.05,400,106020.0,79861588.75
09:50:46 AM,263.65,0,0.0,79861588.75
09:50:47 AM,263.5,0,0.0,79861588.75
09:50:47 AM,262.05,2275,596163.75,80457752.5
09:50:48 AM,262.5,0,0.0,80457752.5
09:50:49 AM,262.5,2000,525000.0,80982752.5
09:50:50 AM,262.9,0,0.0,80982752.5
09:50:50 AM,263.7,2500,659250.0,81642002.5
09:50:51 AM,263.75,0,0.0,81642002.5
09:50:52 AM,262.85,0,0.0,81642002.5
09:50:52 AM,262.85,1175,308848.75,81950851.25
09:50:53 AM,263.2,0,0.0,81950851.25
09:50:54 AM,263.05,1150,302507.5,82253358.75
09:50:55 AM,262.3,0,0.0,82253358.75
09:50:55 AM,262.55,975,255986.25,82509345.0
09:50:56 AM,263.9,0,0.0,82509345.0
09:50:57 AM,263.7,0,0.0,82509345.0
09:50:57 AM,263.7,1175,309847.5,82819192.5
09:50:58 AM,263.05,0,0.0,82819192.5
09:50:59 AM,262.8,725,190530.0,83009722.5
09:51:00 AM,261.65,0,0.0,83009722.5
09:51:00 AM,259.1,675,174892.50000000003,83184615.0
09:51:01 AM,258.9,0,0.0,83184615.0
09:51:02 AM,258.6,0,0.0,83184615.0
09:51:02 AM,259.5,1400,363300.0,83547915.0
09:51:03 AM,259.6,0,0.0,83547915.0
09:51:04 AM,261.1,2200,574420.0,84122335.0
09:51:05 AM,261.7,0,0.0,84122335.0
09:51:05 AM,262.85,1500,394275.00000000006,84516610.0
09:51:06 AM,263.4,0,0.0,84516610.0
09:51:07 AM,263.4,1225,322665.0,84839275.0
09:51:08 AM,264.9,0,0.0,84839275.0
09:51:09 AM,266.3,1900,505970.0,85345245.0
09:51:09 AM,266.25,0,0.0,85345245.0
09:51:10 AM,265.9,0,0.0,85345245.0
09:51:10 AM,264.55,2300,608465.0,85953710.0
09:51:12 AM,264.9,0,0.0,85953710.0
09:51:12 AM,264.7,525,138967.5,86092677.5
09:51:13 AM,263.7,0,0.0,86092677.5
09:51:14 AM,263.0,725,190675.0,86283352.5
09:51:15 AM,264.7,0,0.0,86283352.5
09:51:15 AM,264.35,400,105740.00000000001,86389092.5
09:51:17 AM,265.2,0,0.0,86389092.5
09:51:17 AM,265.45,250,66362.5,86455455.0
09:51:19 AM,265.4,150,39810.0,86495265.0
09:51:20 AM,265.6,0,0.0,86495265.0
09:51:20 AM,267.3,875,233887.5,86729152.5
09:51:22 AM,265.85,0,0.0,86729152.5
09:51:22 AM,266.2,375,99825.0,86828977.5
09:51:23 AM,266.05,0,0.0,86828977.5
09:51:24 AM,265.0,300,79500.0,86908477.5
09:51:25 AM,267.0,0,0.0,86908477.5
09:51:25 AM,266.7,1250,333375.0,87241852.5
09:51:27 AM,266.55,0,0.0,87241852.5
09:51:27 AM,267.4,1250,334250.0,87576102.5
09:51:28 AM,267.8,0,0.0,87576102.5
09:51:29 AM,269.0,1700,457300.0,88033402.5
09:51:30 AM,267.35,0,0.0,88033402.5
09:51:30 AM,267.35,200,53470.00000000001,88086872.5
09:51:32 AM,267.3,0,0.0,88086872.5
09:51:32 AM,267.55,350,93642.5,88180515.0
09:51:33 AM,267.2,0,0.0,88180515.0
09:51:34 AM,265.6,300,79680.0,88260195.0
09:51:35 AM,265.2,0,0.0,88260195.0
09:51:35 AM,265.2,125,33150.0,88293345.0
09:51:36 AM,264.7,0,0.0,88293345.0
09:51:37 AM,265.2,0,0.0,88293345.0
09:51:37 AM,265.2,50,13260.0,88306605.0
09:51:38 AM,266.55,0,0.0,88306605.0
09:51:39 AM,265.7,325,86352.5,88392957.5
09:51:40 AM,268.0,0,0.0,88392957.5
09:51:40 AM,268.0,75,20100.0,88413057.5
09:51:41 AM,266.65,0,0.0,88413057.5
09:51:42 AM,267.05,0,0.0,88413057.5
09:51:42 AM,267.05,175,46733.75,88459791.25
09:51:43 AM,265.95,0,0.0,88459791.25
09:51:44 AM,268.35,0,0.0,88459791.25
09:51:44 AM,268.35,900,241515.00000000003,88701306.25
09:51:45 AM,269.0,0,0.0,88701306.25
09:51:45 AM,270.05,75,20253.75,88721560.0
09:51:46 AM,271.5,0,0.0,88721560.0
09:51:47 AM,275.0,0,0.0,88721560.0
09:51:47 AM,277.7,475,131907.5,88853467.5
09:51:48 AM,274.8,0,0.0,88853467.5
09:51:49 AM,272.1,625,170062.5,89023530.0
09:51:49 AM,272.0,0,0.0,89023530.0
09:51:50 AM,273.75,0,0.0,89023530.0
09:51:50 AM,273.25,300,81975.0,89105505.0
09:51:51 AM,271.55,0,0.0,89105505.0
09:51:52 AM,270.1,0,0.0,89105505.0
09:51:52 AM,270.1,175,47267.50000000001,89152772.5
09:51:53 AM,269.95,0,0.0,89152772.5
09:51:54 AM,268.7,0,0.0,89152772.5
09:51:54 AM,268.7,175,47022.5,89199795.0
09:51:55 AM,267.95,0,0.0,89199795.0
09:51:55 AM,268.45,500,134225.0,89334020.0
09:51:56 AM,269.1,0,0.0,89334020.0
09:51:57 AM,269.1,75,20182.5,89354202.5
09:51:57 AM,269.65,0,0.0,89354202.5
09:51:58 AM,269.9,0,0.0,89354202.5
09:51:59 AM,270.45,600,162270.0,89516472.5
09:51:59 AM,270.7,0,0.0,89516472.5
09:52:00 AM,271.6,0,0.0,89516472.5
09:52:00 AM,271.3,650,176345.0,89692817.5
09:52:02 AM,271.35,0,0.0,89692817.5
09:52:02 AM,271.35,250,67837.5,89760655.0
09:52:03 AM,270.95,0,0.0,89760655.0
09:52:04 AM,270.95,225,60963.75,89821618.75
09:52:04 AM,269.2,0,0.0,89821618.75
09:52:05 AM,271.0,0,0.0,89821618.75
09:52:05 AM,269.95,100,26995.0,89848613.75
09:52:06 AM,271.35,0,0.0,89848613.75
09:52:07 AM,271.35,50,13567.500000000002,89862181.25
09:52:07 AM,268.6,0,0.0,89862181.25
09:52:08 AM,269.5,0,0.0,89862181.25
09:52:09 AM,269.5,75,20212.5,89882393.75
09:52:09 AM,267.25,0,0.0,89882393.75
09:52:10 AM,268.15,0,0.0,89882393.75
09:52:10 AM,267.85,475,127228.75000000001,90009622.5
09:52:11 AM,267.5,0,0.0,90009622.5
09:52:12 AM,267.35,0,0.0,90009622.5
09:52:12 AM,267.35,50,13367.500000000002,90022990.0
09:52:13 AM,267.0,0,0.0,90022990.0
09:52:14 AM,267.25,600,160350.0,90183340.0
09:52:15 AM,268.15,0,0.0,90183340.0
09:52:15 AM,268.15,500,134075.0,90317415.0
09:52:16 AM,265.15,0,0.0,90317415.0
09:52:17 AM,266.25,0,0.0,90317415.0
09:52:17 AM,266.25,200,53250.0,90370665.0
09:52:18 AM,265.45,0,0.0,90370665.0
09:52:19 AM,265.4,225,59714.99999999999,90430380.0
09:52:20 AM,264.75,0,0.0,90430380.0
09:52:20 AM,264.75,600,158850.0,90589230.0
09:52:21 AM,265.05,0,0.0,90589230.0
09:52:22 AM,263.65,0,0.0,90589230.0
09:52:22 AM,264.35,875,231306.25000000003,90820536.25
09:52:23 AM,264.4,0,0.0,90820536.25
09:52:23 AM,264.4,25,6609.999999999999,90827146.25
09:52:24 AM,265.5,0,0.0,90827146.25
09:52:25 AM,267.15,0,0.0,90827146.25
09:52:25 AM,267.15,150,40072.5,90867218.75
09:52:26 AM,268.1,0,0.0,90867218.75
09:52:27 AM,268.8,0,0.0,90867218.75
09:52:27 AM,268.8,150,40320.0,90907538.75
09:52:28 AM,268.3,0,0.0,90907538.75
09:52:29 AM,268.3,25,6707.5,90914246.25
09:52:29 AM,266.6,0,0.0,90914246.25
09:52:30 AM,265.7,0,0.0,90914246.25
09:52:30 AM,265.5,225,59737.5,90973983.75
09:52:32 AM,268.1,0,0.0,90973983.75
09:52:33 AM,267.2,0,0.0,90973983.75
09:52:34 AM,265.0,1450,384250.0,91358233.75
09:52:35 AM,264.75,0,0.0,91358233.75
09:52:35 AM,265.15,75,19886.25,91378120.0
09:52:39 AM,266.0,0,0.0,91378120.0
09:52:40 AM,266.0,100,26600.0,91404720.0
09:52:43 AM,265.95,0,0.0,91404720.0
09:52:44 AM,265.95,75,19946.25,91424666.25
09:52:44 AM,265.45,0,0.0,91424666.25
09:52:45 AM,267.05,0,0.0,91424666.25
09:52:45 AM,267.05,125,33381.25,91458047.5
09:52:47 AM,267.15,0,0.0,91458047.5
09:52:48 AM,263.05,0,0.0,91458047.5
09:52:48 AM,263.05,50,13152.5,91471200.0
09:52:49 AM,263.15,0,0.0,91471200.0
09:52:50 AM,261.3,0,0.0,91471200.0
09:52:50 AM,261.3,1100,287430.0,91758630.0
09:52:51 AM,260.9,0,0.0,91758630.0
09:52:52 AM,260.9,50,13044.999999999998,91771675.0
09:52:53 AM,265.25,0,0.0,91771675.0
09:52:53 AM,265.25,125,33156.25,91804831.25
09:52:54 AM,264.8,0,0.0,91804831.25
09:52:55 AM,263.8,0,0.0,91804831.25
09:52:55 AM,263.6,550,144980.0,91949811.25
09:52:56 AM,263.0,0,0.0,91949811.25
09:52:57 AM,263.0,25,6575.0,91956386.25
09:53:00 AM,262.5,100,26250.0,91982636.25
09:53:00 AM,261.6,0,0.0,91982636.25
09:53:01 AM,260.75,0,0.0,91982636.25
09:53:02 AM,260.75,175,45631.25,92028267.5
09:53:02 AM,261.6,0,0.0,92028267.5
09:53:03 AM,261.4,0,0.0,92028267.5
09:53:03 AM,261.4,50,13069.999999999998,92041337.5
09:53:04 AM,262.0,0,0.0,92041337.5
09:53:05 AM,261.35,0,0.0,92041337.5
09:53:05 AM,261.35,200,52270.00000000001,92093607.5
09:53:06 AM,259.45,0,0.0,92093607.5
09:53:06 AM,259.45,325,84321.25,92177928.75
09:53:08 AM,261.25,0,0.0,92177928.75
09:53:08 AM,261.25,25,6531.25,92184460.0
09:53:09 AM,260.35,0,0.0,92184460.0
09:53:10 AM,260.35,50,13017.500000000002,92197477.5
09:53:11 AM,256.3,0,0.0,92197477.5
09:53:11 AM,256.3,125,32037.5,92229515.0
09:53:12 AM,257.95,0,0.0,92229515.0
09:53:13 AM,258.4,0,0.0,92229515.0
09:53:13 AM,258.4,50,12919.999999999998,92242435.0
09:53:14 AM,258.3,0,0.0,92242435.0
09:53:15 AM,257.6,0,0.0,92242435.0
09:53:15 AM,257.6,1100,283360.0,92525795.0
09:53:16 AM,258.15,0,0.0,92525795.0
09:53:16 AM,255.9,125,31987.5,92557782.5
09:53:17 AM,254.35,0,0.0,92557782.5
09:53:18 AM,254.6,0,0.0,92557782.5
09:53:18 AM,254.3,225,57217.5,92615000.0
09:53:19 AM,254.0,0,0.0,92615000.0
09:53:20 AM,254.95,3900,994305.0,93609305.0
09:53:20 AM,254.2,0,0.0,93609305.0
09:53:21 AM,254.9,0,0.0,93609305.0
09:53:21 AM,254.9,375,95587.5,93704892.5
09:53:22 AM,258.25,0,0.0,93704892.5
09:53:23 AM,258.95,0,0.0,93704892.5
09:53:23 AM,258.75,1450,375187.5,94080080.0
09:53:24 AM,258.1,0,0.0,94080080.0
09:53:25 AM,258.8,500,129400.0,94209480.0
09:53:26 AM,259.2,0,0.0,94209480.0
09:53:26 AM,258.9,575,148867.5,94358347.5
09:53:27 AM,259.25,0,0.0,94358347.5
09:53:28 AM,256.05,0,0.0,94358347.5
09:53:28 AM,256.05,200,51210.0,94409557.5
09:53:29 AM,256.85,0,0.0,94409557.5
09:53:30 AM,257.2,0,0.0,94409557.5
09:53:30 AM,257.2,175,45010.0,94454567.5
09:53:31 AM,258.15,0,0.0,94454567.5
09:53:31 AM,258.15,25,6453.749999999999,94461021.25
09:53:32 AM,257.75,0,0.0,94461021.25
09:53:33 AM,255.25,0,0.0,94461021.25
09:53:33 AM,255.25,1925,491356.25,94952377.5
09:53:34 AM,255.0,0,0.0,94952377.5
09:53:35 AM,254.7,75,19102.5,94971480.0
09:53:35 AM,253.35,0,0.0,94971480.0
09:53:36 AM,253.15,0,0.0,94971480.0
09:53:36 AM,253.2,900,227880.0,95199360.0
09:53:38 AM,252.35,0,0.0,95199360.0
09:53:38 AM,252.75,325,82143.75,95281503.75
09:53:39 AM,255.2,0,0.0,95281503.75
09:53:40 AM,254.9,100,25490.0,95306993.75
09:53:40 AM,255.5,0,0.0,95306993.75
09:53:41 AM,256.0,0,0.0,95306993.75
09:53:41 AM,256.1,625,160062.5,95467056.25
09:53:43 AM,257.1,0,0.0,95467056.25
09:53:43 AM,257.1,175,44992.50000000001,95512048.75
09:53:45 AM,257.1,50,12855.000000000002,95524903.75
09:53:45 AM,257.55,0,0.0,95524903.75
09:53:46 AM,258.7,0,0.0,95524903.75
09:53:46 AM,258.0,300,77400.0,95602303.75
09:53:48 AM,255.0,0,0.0,95602303.75
09:53:48 AM,255.0,100,25500.0,95627803.75
09:53:49 AM,255.5,0,0.0,95627803.75
09:53:50 AM,256.05,100,25605.0,95653408.75
09:53:51 AM,255.75,0,0.0,95653408.75
09:53:51 AM,255.75,50,12787.5,95666196.25
09:53:52 AM,256.5,0,0.0,95666196.25
09:53:53 AM,255.8,175,44765.0,95710961.25
09:53:54 AM,253.75,0,0.0,95710961.25
09:53:55 AM,253.55,750,190162.5,95901123.75
09:53:56 AM,253.75,0,0.0,95901123.75
09:53:56 AM,253.75,25,6343.75,95907467.5
09:53:58 AM,254.6,0,0.0,95907467.5
09:53:58 AM,254.6,625,159125.0,96066592.5
09:53:59 AM,253.95,0,0.0,96066592.5
09:54:00 AM,255.05,175,44633.75,96111226.25
09:54:01 AM,253.2,0,0.0,96111226.25
09:54:01 AM,253.2,300,75960.0,96187186.25
09:54:02 AM,253.35,0,0.0,96187186.25
09:54:03 AM,253.7,0,0.0,96187186.25
09:54:03 AM,253.7,250,63425.0,96250611.25
09:54:04 AM,253.85,0,0.0,96250611.25
09:54:05 AM,254.1,350,88935.0,96339546.25
09:54:05 AM,253.75,0,0.0,96339546.25
09:54:06 AM,253.9,0,0.0,96339546.25
09:54:06 AM,252.5,575,145187.5,96484733.75
09:54:07 AM,252.05,0,0.0,96484733.75
09:54:08 AM,253.85,0,0.0,96484733.75
09:54:08 AM,254.4,250,63600.0,96548333.75
09:54:09 AM,253.7,0,0.0,96548333.75
09:54:10 AM,253.25,300,75975.0,96624308.75
09:54:11 AM,252.45,300,75735.0,96700043.75
09:54:12 AM,252.7,0,0.0,96700043.75
09:54:13 AM,253.75,0,0.0,96700043.75
09:54:13 AM,252.9,150,37935.0,96737978.75
09:54:14 AM,253.9,0,0.0,96737978.75
09:54:15 AM,253.9,100,25390.0,96763368.75
09:54:15 AM,252.75,0,0.0,96763368.75
09:54:16 AM,252.55,0,0.0,96763368.75
09:54:16 AM,252.1,1725,434872.5,97198241.25
09:54:18 AM,256.5,0,0.0,97198241.25
09:54:18 AM,256.5,200,51300.0,97249541.25
09:54:19 AM,255.9,0,0.0,97249541.25
09:54:20 AM,255.9,25,6397.5,97255938.75
09:54:21 AM,255.9,150,38385.0,97294323.75
09:54:22 AM,255.95,0,0.0,97294323.75
09:54:23 AM,254.4,0,0.0,97294323.75
09:54:23 AM,254.6,500,127300.0,97421623.75
09:54:24 AM,254.55,0,0.0,97421623.75
09:54:25 AM,255.55,100,25555.0,97447178.75
09:54:26 AM,256.7,0,0.0,97447178.75
09:54:26 AM,256.7,50,12835.0,97460013.75
09:54:27 AM,258.0,0,0.0,97460013.75
09:54:28 AM,258.0,150,38700.0,97498713.75
09:54:28 AM,256.1,0,0.0,97498713.75
09:54:29 AM,256.1,50,12805.000000000002,97511518.75
09:54:30 AM,255.8,0,0.0,97511518.75
09:54:31 AM,254.65,0,0.0,97511518.75
09:54:31 AM,254.65,375,95493.75,97607012.5
09:54:32 AM,256.35,0,0.0,97607012.5
09:54:33 AM,256.35,25,6408.750000000001,97613421.25
09:54:33 AM,257.65,0,0.0,97613421.25
09:54:34 AM,256.15,0,0.0,97613421.25
09:54:34 AM,256.15,125,32018.749999999996,97645440.0
09:54:35 AM,257.4,0,0.0,97645440.0
09:54:36 AM,257.4,25,6434.999999999999,97651875.0
09:54:37 AM,256.95,0,0.0,97651875.0
09:54:38 AM,255.45,50,12772.5,97664647.5
09:54:39 AM,257.1,0,0.0,97664647.5
09:54:39 AM,257.0,500,128500.0,97793147.5
09:54:40 AM,258.15,0,0.0,97793147.5
09:54:41 AM,258.15,25,6453.749999999999,97799601.25
09:54:41 AM,258.4,0,0.0,97799601.25
09:54:42 AM,259.0,0,0.0,97799601.25
09:54:43 AM,260.75,250,65187.5,97864788.75
09:54:45 AM,256.45,0,0.0,97864788.75
09:54:46 AM,255.8,0,0.0,97864788.75
09:54:46 AM,255.8,325,83135.0,97947923.75
09:54:47 AM,255.05,0,0.0,97947923.75
09:54:48 AM,255.3,350,89355.0,98037278.75
09:54:48 AM,255.0,0,0.0,98037278.75
09:54:49 AM,255.35,0,0.0,98037278.75
09:54:49 AM,255.35,150,38302.5,98075581.25
09:54:50 AM,254.0,0,0.0,98075581.25
09:54:51 AM,252.75,0,0.0,98075581.25
09:54:51 AM,252.75,75,18956.25,98094537.5
09:54:52 AM,252.55,0,0.0,98094537.5
09:54:53 AM,253.4,100,25340.0,98119877.5
09:54:54 AM,253.6,0,0.0,98119877.5
09:54:54 AM,253.6,25,6340.0,98126217.5
09:54:56 AM,252.95,0,0.0,98126217.5
09:54:56 AM,254.65,50,12732.5,98138950.0
09:54:57 AM,254.2,0,0.0,98138950.0
09:54:58 AM,252.4,250,63100.0,98202050.0
09:54:59 AM,253.7,0,0.0,98202050.0
09:54:59 AM,253.7,100,25370.0,98227420.0
09:55:00 AM,252.5,0,0.0,98227420.0
09:55:01 AM,252.55,0,0.0,98227420.0
09:55:01 AM,252.55,600,151530.0,98378950.0
09:55:02 AM,251.6,0,0.0,98378950.0
09:55:03 AM,252.1,525,132352.5,98511302.5
09:55:04 AM,251.0,0,0.0,98511302.5
09:55:04 AM,251.0,50,12550.0,98523852.5
09:55:05 AM,250.0,0,0.0,98523852.5
09:55:06 AM,251.9,0,0.0,98523852.5
09:55:06 AM,250.65,1650,413572.5,98937425.0
09:55:07 AM,250.15,0,0.0,98937425.0
09:55:08 AM,249.75,475,118631.25,99056056.25
09:55:10 AM,252.2,0,0.0,99056056.25
09:55:10 AM,252.05,0,0.0,99056056.25
09:55:11 AM,252.0,0,0.0,99056056.25
09:55:11 AM,252.0,175,44100.0,99100156.25
09:55:12 AM,251.0,0,0.0,99100156.25
09:55:13 AM,251.0,25,6275.0,99106431.25
09:55:13 AM,251.35,0,0.0,99106431.25
09:55:14 AM,251.6,0,0.0,99106431.25
09:55:14 AM,251.6,1325,333370.0,99439801.25
09:55:15 AM,252.0,0,0.0,99439801.25
09:55:16 AM,252.0,25,6300.0,99446101.25
09:55:16 AM,253.25,0,0.0,99446101.25
09:55:17 AM,253.1,0,0.0,99446101.25
09:55:18 AM,251.9,100,25190.0,99471291.25
09:55:18 AM,250.1,0,0.0,99471291.25
09:55:19 AM,250.1,75,18757.5,99490048.75
09:55:20 AM,250.3,0,0.0,99490048.75
09:55:21 AM,250.3,575,143922.5,99633971.25
09:55:22 AM,250.0,0,0.0,99633971.25
09:55:23 AM,249.55,450,112297.5,99746268.75
09:55:24 AM,249.3,0,0.0,99746268.75
09:55:24 AM,249.3,50,12465.0,99758733.75
09:55:25 AM,249.4,0,0.0,99758733.75
09:55:26 AM,249.0,0,0.0,99758733.75
09:55:26 AM,249.0,725,180525.0,99939258.75
09:55:27 AM,249.4,0,0.0,99939258.75
09:55:28 AM,250.25,125,31281.25,99970540.0
09:55:28 AM,250.65,0,0.0,99970540.0
09:55:29 AM,250.05,0,0.0,99970540.0
09:55:29 AM,250.05,925,231296.25,100201836.25
09:55:30 AM,250.75,0,0.0,100201836.25
09:55:31 AM,250.8,0,0.0,100201836.25
09:55:31 AM,250.8,225,56430.0,100258266.25
09:55:32 AM,252.2,0,0.0,100258266.25
09:55:33 AM,251.45,325,81721.25,100339987.5
09:55:33 AM,252.3,0,0.0,100339987.5
09:55:34 AM,251.65,0,0.0,100339987.5
09:55:34 AM,251.65,400,100660.0,100440647.5
09:55:35 AM,252.3,0,0.0,100440647.5
09:55:36 AM,251.95,0,0.0,100440647.5
09:55:36 AM,251.95,100,25195.0,100465842.5
09:55:37 AM,251.2,0,0.0,100465842.5
09:55:38 AM,252.15,1775,447566.25,100913408.75
09:55:39 AM,250.9,0,0.0,100913408.75
09:55:39 AM,250.9,75,18817.5,100932226.25
09:55:40 AM,250.7,0,0.0,100932226.25
09:55:41 AM,249.45,0,0.0,100932226.25
09:55:41 AM,249.45,275,68598.75,101000825.0
09:55:42 AM,248.5,0,0.0,101000825.0
09:55:43 AM,248.8,225,55980.0,101056805.0
09:55:44 AM,247.95,0,0.0,101056805.0
09:55:44 AM,247.95,25,6198.75,101063003.75
09:55:45 AM,249.45,0,0.0,101063003.75
09:55:46 AM,249.45,25,6236.25,101069240.0
09:55:48 AM,251.4,0,0.0,101069240.0
09:55:48 AM,251.4,25,6285.0,101075525.0
09:55:48 AM,251.9,0,0.0,101075525.0
09:55:49 AM,253.0,0,0.0,101075525.0
09:55:49 AM,251.9,75,18892.5,101094417.5
09:55:50 AM,251.6,0,0.0,101094417.5
09:55:51 AM,250.6,0,0.0,101094417.5
09:55:51 AM,250.6,150,37590.0,101132007.5
09:55:52 AM,251.95,0,0.0,101132007.5
09:55:53 AM,251.75,150,37762.5,101169770.0
09:55:56 AM,252.4,0,0.0,101169770.0
09:55:56 AM,252.4,1000,252400.0,101422170.0
09:55:56 AM,253.0,0,0.0,101422170.0
09:55:57 AM,254.0,0,0.0,101422170.0
09:55:58 AM,254.35,250,63587.5,101485757.5
09:55:58 AM,253.7,0,0.0,101485757.5
09:55:59 AM,253.95,0,0.0,101485757.5
09:55:59 AM,253.95,75,19046.25,101504803.75
09:56:00 AM,254.0,0,0.0,101504803.75
09:56:01 AM,253.7,0,0.0,101504803.75
