date,price,qty,trnvr,cum_trnvr
09:15:00 AM,76.6,3375,258524.99999999997,258524.99999999997
09:15:00 AM,74.7,0,0.0,258524.99999999997
09:15:01 AM,74.65,0,0.0,258524.99999999997
09:15:01 AM,75.0,3100,232500.0,491025.0
09:15:02 AM,74.3,0,0.0,491025.0
09:15:02 AM,74.55,4500,335475.0,826500.0
09:15:03 AM,76.75,0,0.0,826500.0
09:15:03 AM,74.4,5375,399900.00000000006,1226400.0
09:15:04 AM,74.65,0,0.0,1226400.0
09:15:05 AM,75.6,2850,215459.99999999997,1441860.0
09:15:06 AM,75.15,0,0.0,1441860.0
09:15:06 AM,74.5,6500,484250.0,1926110.0
09:15:07 AM,74.3,0,0.0,1926110.0
09:15:07 AM,74.55,1125,83868.75,2009978.75
09:15:08 AM,73.95,0,0.0,2009978.75
09:15:08 AM,74.0,1800,133200.0,2143178.75
09:15:10 AM,75.4,2300,173420.0,2316598.75
09:15:11 AM,75.85,4725,358391.25,2674990.0
09:15:11 AM,75.45,0,0.0,2674990.0
09:15:12 AM,75.35,5225,393703.74999999994,3068693.75
09:15:13 AM,77.25,0,0.0,3068693.75
09:15:13 AM,77.7,7375,573037.5,3641731.25
09:15:14 AM,77.05,0,0.0,3641731.25
09:15:14 AM,78.15,11375,888956.2500000001,4530687.5
09:15:15 AM,79.35,0,0.0,4530687.5
09:15:16 AM,77.95,0,0.0,4530687.5
09:15:16 AM,77.9,7100,553090.0,5083777.5
09:15:17 AM,77.4,0,0.0,5083777.5
09:15:17 AM,77.4,6000,464400.00000000006,5548177.5
09:15:18 AM,77.35,0,0.0,5548177.5
09:15:18 AM,76.75,11750,901812.5,6449990.0
09:15:19 AM,77.3,0,0.0,6449990.0
09:15:20 AM,77.15,6450,497617.50000000006,6947607.5
09:15:20 AM,76.95,0,0.0,6947607.5
09:15:21 AM,76.25,0,0.0,6947607.5
09:15:21 AM,76.25,1850,141062.5,7088670.0
09:15:22 AM,75.85,0,0.0,7088670.0
09:15:22 AM,75.95,3650,277217.5,7365887.5
09:15:23 AM,76.5,0,0.0,7365887.5
09:15:23 AM,76.55,5225,399973.75,7765861.25
09:15:24 AM,76.9,0,0.0,7765861.25
09:15:25 AM,76.8,0,0.0,7765861.25
09:15:25 AM,76.8,4250,326400.0,8092261.25
09:15:26 AM,76.85,0,0.0,8092261.25
09:15:26 AM,76.8,1575,120960.0,8213221.25
09:15:27 AM,77.2,0,0.0,8213221.25
09:15:27 AM,77.5,2900,224750.0,8437971.25
09:15:28 AM,77.2,0,0.0,8437971.25
09:15:28 AM,76.8,5825,447360.0,8885331.25
09:15:29 AM,76.6,0,0.0,8885331.25
09:15:30 AM,76.7,0,0.0,8885331.25
09:15:30 AM,76.7,1100,84370.0,8969701.25
09:15:31 AM,76.35,3475,265316.25,9235017.5
09:15:32 AM,76.0,0,0.0,9235017.5
09:15:32 AM,76.75,2150,165012.5,9400030.0
09:15:33 AM,76.7,0,0.0,9400030.0
09:15:34 AM,77.4,0,0.0,9400030.0
09:15:34 AM,77.4,2525,195435.0,9595465.0
09:15:35 AM,78.45,0,0.0,9595465.0
09:15:35 AM,78.5,5950,467075.0,10062540.0
09:15:36 AM,78.65,5175,407013.75000000006,10469553.75
09:15:37 AM,78.85,0,0.0,10469553.75
09:15:38 AM,78.6,0,0.0,10469553.75
09:15:38 AM,78.6,1675,131655.0,10601208.75
09:15:39 AM,78.1,0,0.0,10601208.75
09:15:39 AM,78.2,1975,154445.0,10755653.75
09:15:40 AM,77.95,0,0.0,10755653.75
09:15:40 AM,77.75,3925,305168.75,11060822.5
09:15:41 AM,78.55,0,0.0,11060822.5
09:15:42 AM,78.3,7850,614655.0,11675477.5
09:15:42 AM,78.8,0,0.0,11675477.5
09:15:43 AM,79.45,0,0.0,11675477.5
09:15:43 AM,79.15,2825,223598.75000000003,11899076.25
09:15:44 AM,81.95,0,0.0,11899076.25
09:15:44 AM,81.15,15550,1261882.5,13160958.75
09:15:45 AM,81.5,0,0.0,13160958.75
09:15:45 AM,80.6,13250,1067950.0,14228908.75
09:15:46 AM,80.65,0,0.0,14228908.75
09:15:47 AM,80.0,1875,150000.0,14378908.75
09:15:48 AM,79.3,0,0.0,14378908.75
09:15:48 AM,79.3,1200,95160.0,14474068.75
09:15:49 AM,79.75,0,0.0,14474068.75
09:15:49 AM,79.55,3575,284391.25,14758460.0
09:15:50 AM,80.1,0,0.0,14758460.0
09:15:50 AM,80.7,1225,98857.5,14857317.5
09:15:51 AM,80.4,0,0.0,14857317.5
09:15:52 AM,80.45,1675,134753.75,14992071.25
09:15:52 AM,80.3,0,0.0,14992071.25
09:15:53 AM,81.4,0,0.0,14992071.25
09:15:53 AM,81.25,3125,253906.25,15245977.5
09:15:54 AM,80.75,0,0.0,15245977.5
09:15:54 AM,81.55,3300,269115.0,15515092.5
09:15:55 AM,81.05,0,0.0,15515092.5
09:15:55 AM,81.0,3725,301725.0,15816817.5
09:15:56 AM,81.45,0,0.0,15816817.5
09:15:57 AM,81.55,0,0.0,15816817.5
09:15:57 AM,81.5,4300,350450.0,16167267.5
09:15:58 AM,80.85,0,0.0,16167267.5
09:15:58 AM,81.15,2250,182587.5,16349855.0
09:15:59 AM,81.7,0,0.0,16349855.0
09:15:59 AM,81.05,12525,1015151.25,17365006.25
09:16:00 AM,80.3,0,0.0,17365006.25
09:16:01 AM,80.6,0,0.0,17365006.25
09:16:01 AM,80.5,6825,549412.5,17914418.75
09:16:02 AM,80.25,0,0.0,17914418.75
09:16:02 AM,80.6,4925,396955.0,18311373.75
09:16:03 AM,80.1,0,0.0,18311373.75
09:16:03 AM,80.35,8850,711097.5,19022471.25
09:16:04 AM,80.9,0,0.0,19022471.25
09:16:05 AM,81.0,5925,479925.0,19502396.25
09:16:05 AM,80.85,0,0.0,19502396.25
09:16:06 AM,81.2,0,0.0,19502396.25
09:16:06 AM,80.65,6325,510111.25000000006,20012507.5
09:16:07 AM,80.6,0,0.0,20012507.5
09:16:07 AM,80.55,3850,310117.5,20322625.0
09:16:08 AM,80.65,0,0.0,20322625.0
09:16:08 AM,80.75,15600,1259700.0,21582325.0
09:16:09 AM,81.2,0,0.0,21582325.0
09:16:10 AM,82.4,16575,1365780.0,22948105.0
09:16:10 AM,82.1,0,0.0,22948105.0
09:16:11 AM,82.95,0,0.0,22948105.0
09:16:11 AM,83.05,7250,602112.5,23550217.5
09:16:12 AM,83.25,0,0.0,23550217.5
09:16:12 AM,82.9,9150,758535.0,24308752.5
09:16:13 AM,82.3,0,0.0,24308752.5
09:16:13 AM,82.35,8875,730856.25,25039608.75
09:16:14 AM,82.25,0,0.0,25039608.75
09:16:15 AM,82.3,0,0.0,25039608.75
09:16:15 AM,84.8,24025,2037320.0,27076928.75
09:16:16 AM,83.75,0,0.0,27076928.75
09:16:16 AM,84.45,11825,998621.25,28075550.0
09:16:17 AM,83.45,0,0.0,28075550.0
09:16:17 AM,83.05,7350,610417.5,28685967.5
09:16:18 AM,83.1,0,0.0,28685967.5
09:16:19 AM,83.4,1975,164715.0,28850682.5
09:16:19 AM,82.95,0,0.0,28850682.5
09:16:20 AM,82.6,0,0.0,28850682.5
09:16:20 AM,82.95,3025,250923.75,29101606.25
09:16:21 AM,83.1,0,0.0,29101606.25
09:16:21 AM,82.75,4100,339275.0,29440881.25
09:16:22 AM,82.55,0,0.0,29440881.25
09:16:23 AM,81.85,5150,421527.49999999994,29862408.75
09:16:23 AM,82.05,0,0.0,29862408.75
09:16:24 AM,83.2,0,0.0,29862408.75
09:16:24 AM,83.2,2175,180960.0,30043368.75
09:16:25 AM,82.1,0,0.0,30043368.75
09:16:25 AM,82.05,2550,209227.5,30252596.25
09:16:26 AM,81.55,0,0.0,30252596.25
09:16:26 AM,82.15,3075,252611.25000000003,30505207.5
09:16:27 AM,82.2,0,0.0,30505207.5
09:16:28 AM,83.2,0,0.0,30505207.5
09:16:28 AM,83.3,875,72887.5,30578095.0
09:16:29 AM,84.0,0,0.0,30578095.0
09:16:29 AM,83.95,6150,516292.5,31094387.5
09:16:30 AM,83.8,0,0.0,31094387.5
09:16:30 AM,83.75,3625,303593.75,31397981.25
09:16:31 AM,84.05,0,0.0,31397981.25
09:16:32 AM,83.0,4725,392175.0,31790156.25
09:16:32 AM,82.35,0,0.0,31790156.25
09:16:33 AM,82.75,0,0.0,31790156.25
09:16:33 AM,83.0,5125,425375.0,32215531.25
09:16:34 AM,83.2,0,0.0,32215531.25
09:16:34 AM,83.6,4100,342760.0,32558291.25
09:16:35 AM,83.95,0,0.0,32558291.25
09:16:36 AM,84.5,9275,783737.5,33342028.75
09:16:36 AM,84.6,0,0.0,33342028.75
09:16:37 AM,83.25,0,0.0,33342028.75
09:16:37 AM,83.25,4950,412087.5,33754116.25
09:16:38 AM,82.75,0,0.0,33754116.25
09:16:38 AM,82.55,6875,567531.25,34321647.5
09:16:39 AM,82.5,0,0.0,34321647.5
09:16:40 AM,83.2,2575,214240.0,34535887.5
09:16:40 AM,83.5,0,0.0,34535887.5
09:16:41 AM,82.75,0,0.0,34535887.5
09:16:41 AM,84.15,14300,1203345.0,35739232.5
09:16:42 AM,84.75,0,0.0,35739232.5
09:16:42 AM,84.8,5025,426120.0,36165352.5
09:16:43 AM,85.0,0,0.0,36165352.5
09:16:43 AM,84.15,900,75735.0,36241087.5
09:16:45 AM,85.4,1200,102480.0,36343567.5
09:16:46 AM,85.3,0,0.0,36343567.5
09:16:46 AM,85.45,2725,232851.25,36576418.75
09:16:47 AM,84.75,0,0.0,36576418.75
09:16:47 AM,85.35,7200,614520.0,37190938.75
09:16:48 AM,85.7,0,0.0,37190938.75
09:16:49 AM,85.2,0,0.0,37190938.75
09:16:49 AM,85.6,2050,175480.0,37366418.75
09:16:50 AM,85.15,0,0.0,37366418.75
09:16:50 AM,85.2,1350,115020.0,37481438.75
09:16:51 AM,85.3,0,0.0,37481438.75
09:16:51 AM,85.1,3650,310615.0,37792053.75
09:16:52 AM,85.3,0,0.0,37792053.75
09:16:52 AM,84.3,3200,269760.0,38061813.75
09:16:53 AM,84.5,0,0.0,38061813.75
09:16:54 AM,84.0,0,0.0,38061813.75
09:16:54 AM,84.15,2225,187233.75,38249047.5
09:16:55 AM,84.0,0,0.0,38249047.5
09:16:55 AM,84.0,2000,168000.0,38417047.5
09:16:56 AM,83.6,0,0.0,38417047.5
09:16:56 AM,83.65,2350,196577.5,38613625.0
09:16:57 AM,83.9,0,0.0,38613625.0
09:16:58 AM,83.8,1950,163410.0,38777035.0
09:16:58 AM,84.05,0,0.0,38777035.0
09:16:59 AM,84.1,0,0.0,38777035.0
09:16:59 AM,84.25,2425,204306.25,38981341.25
09:17:00 AM,84.15,0,0.0,38981341.25
09:17:00 AM,84.9,5425,460582.50000000006,39441923.75
09:17:01 AM,85.25,0,0.0,39441923.75
09:17:01 AM,84.75,3075,260606.25,39702530.0
09:17:02 AM,85.0,0,0.0,39702530.0
09:17:03 AM,85.7,0,0.0,39702530.0
09:17:03 AM,85.6,4950,423720.0,40126250.0
09:17:04 AM,85.85,0,0.0,40126250.0
09:17:04 AM,86.6,5350,463309.99999999994,40589560.0
09:17:05 AM,87.0,0,0.0,40589560.0
09:17:05 AM,86.9,5100,443190.0,41032750.0
09:17:06 AM,86.25,0,0.0,41032750.0
09:17:07 AM,87.0,4200,365400.0,41398150.0
09:17:07 AM,87.1,0,0.0,41398150.0
09:17:08 AM,86.6,0,0.0,41398150.0
09:17:08 AM,86.65,5000,433250.0,41831400.0
09:17:09 AM,86.45,0,0.0,41831400.0
09:17:09 AM,86.7,4125,357637.5,42189037.5
09:17:10 AM,85.7,0,0.0,42189037.5
09:17:11 AM,85.8,0,0.0,42189037.5
09:17:11 AM,85.55,3925,335783.75,42524821.25
09:17:12 AM,85.2,0,0.0,42524821.25
09:17:12 AM,85.2,3975,338670.0,42863491.25
09:17:13 AM,84.85,0,0.0,42863491.25
09:17:13 AM,84.6,2125,179775.0,43043266.25
09:17:14 AM,84.4,0,0.0,43043266.25
09:17:15 AM,83.7,5025,420592.5,43463858.75
09:17:15 AM,83.25,0,0.0,43463858.75
09:17:16 AM,82.7,0,0.0,43463858.75
09:17:16 AM,82.55,3450,284797.5,43748656.25
09:17:17 AM,82.15,0,0.0,43748656.25
09:17:17 AM,82.25,3650,300212.5,44048868.75
09:17:18 AM,81.65,0,0.0,44048868.75
09:17:19 AM,81.3,9725,790642.5,44839511.25
09:17:19 AM,80.8,0,0.0,44839511.25
09:17:20 AM,81.8,0,0.0,44839511.25
09:17:20 AM,81.75,7775,635606.25,45475117.5
09:17:21 AM,82.0,0,0.0,45475117.5
09:17:21 AM,82.15,2700,221805.00000000003,45696922.5
09:17:22 AM,82.35,0,0.0,45696922.5
09:17:23 AM,83.0,3950,327850.0,46024772.5
09:17:23 AM,83.05,0,0.0,46024772.5
09:17:24 AM,82.6,0,0.0,46024772.5
09:17:24 AM,82.85,3700,306545.0,46331317.5
09:17:25 AM,82.65,0,0.0,46331317.5
09:17:25 AM,82.9,3475,288077.5,46619395.0
09:17:26 AM,82.1,0,0.0,46619395.0
09:17:26 AM,82.45,4750,391637.5,47011032.5
09:17:27 AM,82.6,0,0.0,47011032.5
09:17:28 AM,82.55,975,80486.25,47091518.75
09:17:29 AM,82.75,0,0.0,47091518.75
09:17:29 AM,83.15,1750,145512.5,47237031.25
09:17:30 AM,83.1,0,0.0,47237031.25
09:17:30 AM,83.1,375,31162.499999999996,47268193.75
09:17:31 AM,82.65,0,0.0,47268193.75
09:17:31 AM,82.95,800,66360.0,47334553.75
09:17:32 AM,82.55,0,0.0,47334553.75
09:17:33 AM,83.1,1975,164122.5,47498676.25
09:17:34 AM,82.0,1450,118900.0,47617576.25
09:17:34 AM,82.25,0,0.0,47617576.25
09:17:35 AM,82.0,0,0.0,47617576.25
09:17:35 AM,82.25,2000,164500.0,47782076.25
09:17:36 AM,82.2,0,0.0,47782076.25
09:17:36 AM,81.8,2500,204500.0,47986576.25
09:17:37 AM,82.1,0,0.0,47986576.25
09:17:38 AM,81.45,2750,223987.5,48210563.75
09:17:38 AM,81.65,0,0.0,48210563.75
09:17:39 AM,81.45,0,0.0,48210563.75
09:17:39 AM,81.55,1250,101937.5,48312501.25
09:17:40 AM,81.85,0,0.0,48312501.25
09:17:40 AM,81.85,1375,112543.74999999999,48425045.0
09:17:41 AM,80.95,0,0.0,48425045.0
09:17:41 AM,80.7,950,76665.0,48501710.0
09:17:42 AM,80.6,0,0.0,48501710.0
09:17:43 AM,80.3,0,0.0,48501710.0
09:17:43 AM,80.3,3150,252945.0,48754655.0
09:17:44 AM,79.95,0,0.0,48754655.0
09:17:44 AM,79.7,8500,677450.0,49432105.0
09:17:45 AM,79.35,0,0.0,49432105.0
09:17:45 AM,78.9,2900,228810.00000000003,49660915.0
09:17:46 AM,78.75,0,0.0,49660915.0
09:17:47 AM,78.7,0,0.0,49660915.0
09:17:47 AM,78.65,3400,267410.0,49928325.0
09:17:48 AM,78.95,0,0.0,49928325.0
09:17:48 AM,79.0,2950,233050.0,50161375.0
09:17:49 AM,79.6,0,0.0,50161375.0
09:17:49 AM,79.25,3600,285300.0,50446675.0
09:17:50 AM,79.65,0,0.0,50446675.0
09:17:51 AM,79.6,2925,232829.99999999997,50679505.0
09:17:52 AM,79.4,0,0.0,50679505.0
09:17:52 AM,79.65,1000,79650.0,50759155.0
09:17:53 AM,80.15,0,0.0,50759155.0
09:17:53 AM,79.7,4175,332747.5,51091902.5
09:17:54 AM,79.55,0,0.0,51091902.5
09:17:54 AM,79.2,5175,409860.0,51501762.5
09:17:55 AM,79.4,0,0.0,51501762.5
09:17:56 AM,79.65,3500,278775.0,51780537.5
09:17:56 AM,79.95,0,0.0,51780537.5
09:17:57 AM,80.15,0,0.0,51780537.5
09:17:57 AM,80.15,1575,126236.25000000001,51906773.75
09:17:58 AM,79.95,0,0.0,51906773.75
09:17:58 AM,79.8,3450,275310.0,52182083.75
09:17:59 AM,79.75,0,0.0,52182083.75
09:17:59 AM,79.35,1850,146797.5,52328881.25
09:18:00 AM,79.8,0,0.0,52328881.25
09:18:01 AM,79.75,0,0.0,52328881.25
09:18:01 AM,79.9,4000,319600.0,52648481.25
09:18:02 AM,79.8,0,0.0,52648481.25
09:18:02 AM,80.05,950,76047.5,52724528.75
09:18:03 AM,79.95,3500,279825.0,53004353.75
09:18:04 AM,80.0,0,0.0,53004353.75
09:18:04 AM,80.2,5925,475185.0,53479538.75
09:18:05 AM,80.7,0,0.0,53479538.75
09:18:06 AM,80.1,0,0.0,53479538.75
09:18:06 AM,80.1,1825,146182.5,53625721.25
09:18:07 AM,80.6,0,0.0,53625721.25
09:18:07 AM,80.95,2725,220588.75,53846310.0
09:18:08 AM,80.55,0,0.0,53846310.0
09:18:08 AM,80.75,2000,161500.0,54007810.0
09:18:09 AM,80.7,0,0.0,54007810.0
09:18:10 AM,80.1,3050,244304.99999999997,54252115.0
09:18:10 AM,79.95,0,0.0,54252115.0
09:18:11 AM,79.5,4200,333900.0,54586015.0
09:18:12 AM,78.7,0,0.0,54586015.0
09:18:12 AM,78.7,3575,281352.5,54867367.5
09:18:13 AM,78.6,0,0.0,54867367.5
09:18:13 AM,78.1,6825,533032.5,55400400.0
09:18:14 AM,78.35,0,0.0,55400400.0
09:18:15 AM,77.75,0,0.0,55400400.0
09:18:15 AM,77.8,2125,165325.0,55565725.0
09:18:16 AM,78.1,0,0.0,55565725.0
09:18:16 AM,78.1,2300,179630.0,55745355.0
09:18:17 AM,77.95,0,0.0,55745355.0
09:18:17 AM,77.85,2050,159592.5,55904947.5
09:18:18 AM,78.15,0,0.0,55904947.5
09:18:18 AM,77.15,3650,281597.5,56186545.0
09:18:19 AM,77.4,0,0.0,56186545.0
09:18:20 AM,77.85,0,0.0,56186545.0
09:18:20 AM,77.4,4350,336690.0,56523235.0
09:18:21 AM,76.95,0,0.0,56523235.0
09:18:21 AM,76.95,1225,94263.75,56617498.75
09:18:22 AM,77.1,0,0.0,56617498.75
09:18:22 AM,77.35,4650,359677.5,56977176.25
09:18:23 AM,77.55,0,0.0,56977176.25
09:18:24 AM,78.05,5525,431226.25,57408402.5
09:18:25 AM,78.15,0,0.0,57408402.5
09:18:25 AM,77.4,2850,220590.00000000003,57628992.5
09:18:26 AM,77.95,0,0.0,57628992.5
09:18:27 AM,77.65,0,0.0,57628992.5
09:18:27 AM,77.8,3475,270355.0,57899347.5
09:18:28 AM,78.2,0,0.0,57899347.5
09:18:29 AM,76.4,0,0.0,57899347.5
09:18:29 AM,76.55,6025,461213.75,58360561.25
09:18:30 AM,76.8,0,0.0,58360561.25
09:18:30 AM,75.65,6725,508746.25000000006,58869307.5
09:18:31 AM,75.5,0,0.0,58869307.5
09:18:32 AM,75.8,0,0.0,58869307.5
09:18:32 AM,75.9,5175,392782.50000000006,59262090.0
09:18:34 AM,74.6,0,0.0,59262090.0
09:18:34 AM,74.65,8550,638257.5,59900347.5
09:18:35 AM,74.3,4900,364070.0,60264417.5
09:18:36 AM,74.2,0,0.0,60264417.5
09:18:37 AM,74.95,0,0.0,60264417.5
09:18:37 AM,74.8,7775,581570.0,60845987.5
09:18:38 AM,72.85,0,0.0,60845987.5
09:18:39 AM,73.55,0,0.0,60845987.5
09:18:39 AM,73.35,30300,2222505.0,63068492.5
09:18:40 AM,73.85,0,0.0,63068492.5
09:18:40 AM,74.6,5575,415894.99999999994,63484387.5
09:18:41 AM,75.2,0,0.0,63484387.5
09:18:42 AM,75.45,6200,467790.0,63952177.5
09:18:43 AM,75.35,0,0.0,63952177.5
09:18:44 AM,74.95,0,0.0,63952177.5
09:18:44 AM,74.95,2225,166763.75,64118941.25
09:18:45 AM,75.4,0,0.0,64118941.25
09:18:45 AM,75.65,7225,546571.25,64665512.5
09:18:46 AM,75.05,0,0.0,64665512.5
09:18:47 AM,75.75,0,0.0,64665512.5
09:18:47 AM,75.55,1525,115213.75,64780726.25
09:18:48 AM,74.95,0,0.0,64780726.25
09:18:49 AM,74.15,0,0.0,64780726.25
09:18:49 AM,74.15,5725,424508.75000000006,65205235.0
09:18:50 AM,73.5,0,0.0,65205235.0
09:18:50 AM,73.25,2175,159318.75,65364553.75
09:18:51 AM,73.7,0,0.0,65364553.75
09:18:52 AM,74.2,0,0.0,65364553.75
09:18:52 AM,73.85,4350,321247.5,65685801.25
09:18:53 AM,74.55,0,0.0,65685801.25
09:18:54 AM,74.25,0,0.0,65685801.25
09:18:54 AM,74.25,2550,189337.5,65875138.75
09:18:55 AM,73.5,0,0.0,65875138.75
09:18:55 AM,74.2,1900,140980.0,66016118.75
09:18:56 AM,74.4,0,0.0,66016118.75
09:18:57 AM,74.6,0,0.0,66016118.75
09:18:57 AM,74.7,2650,197955.0,66214073.75
09:18:58 AM,74.5,0,0.0,66214073.75
09:18:59 AM,74.8,0,0.0,66214073.75
09:18:59 AM,74.8,7975,596530.0,66810603.75
09:19:00 AM,75.7,0,0.0,66810603.75
09:19:00 AM,75.3,3850,289905.0,67100508.75
09:19:02 AM,75.95,0,0.0,67100508.75
09:19:02 AM,76.05,8525,648326.25,67748835.0
09:19:04 AM,76.1,0,0.0,67748835.0
09:19:04 AM,76.1,5050,384305.0,68133140.0
09:19:05 AM,75.8,0,0.0,68133140.0
09:19:06 AM,75.25,3275,246443.75,68379583.75
09:19:06 AM,75.6,0,0.0,68379583.75
09:19:07 AM,75.75,0,0.0,68379583.75
09:19:07 AM,75.6,975,73710.0,68453293.75
09:19:08 AM,76.15,0,0.0,68453293.75
09:19:09 AM,75.8,1250,94750.0,68548043.75
09:19:09 AM,75.6,0,0.0,68548043.75
09:19:10 AM,75.65,0,0.0,68548043.75
09:19:11 AM,75.15,2900,217935.00000000003,68765978.75
09:19:11 AM,75.0,0,0.0,68765978.75
09:19:12 AM,75.6,0,0.0,68765978.75
09:19:12 AM,76.25,1225,93406.25,68859385.0
09:19:13 AM,76.4,0,0.0,68859385.0
09:19:14 AM,76.2,0,0.0,68859385.0
09:19:14 AM,76.2,2025,154305.0,69013690.0
09:19:16 AM,75.6,2650,200339.99999999997,69214030.0
09:19:16 AM,75.8,0,0.0,69214030.0
09:19:17 AM,75.65,0,0.0,69214030.0
09:19:17 AM,75.8,3625,274775.0,69488805.0
09:19:18 AM,75.55,0,0.0,69488805.0
09:19:19 AM,74.95,0,0.0,69488805.0
09:19:19 AM,74.85,7950,595057.5,70083862.5
09:19:20 AM,76.4,0,0.0,70083862.5
09:19:21 AM,76.6,6575,503644.99999999994,70587507.5
09:19:21 AM,76.4,0,0.0,70587507.5
09:19:22 AM,75.8,0,0.0,70587507.5
09:19:22 AM,75.65,2500,189125.0,70776632.5
09:19:23 AM,75.15,0,0.0,70776632.5
09:19:24 AM,75.8,0,0.0,70776632.5
09:19:24 AM,75.9,2550,193545.0,70970177.5
09:19:25 AM,76.0,0,0.0,70970177.5
09:19:26 AM,76.45,2475,189213.75,71159391.25
09:19:26 AM,76.75,0,0.0,71159391.25
09:19:27 AM,76.7,0,0.0,71159391.25
09:19:27 AM,76.8,600,46080.0,71205471.25
09:19:29 AM,76.8,700,53760.0,71259231.25
09:19:30 AM,76.25,0,0.0,71259231.25
09:19:31 AM,75.95,925,70253.75,71329485.0
09:19:31 AM,76.0,0,0.0,71329485.0
09:19:32 AM,76.6,0,0.0,71329485.0
09:19:32 AM,76.55,1525,116738.75,71446223.75
09:19:33 AM,76.5,0,0.0,71446223.75
09:19:34 AM,77.2,0,0.0,71446223.75
09:19:34 AM,77.2,3025,233530.0,71679753.75
09:19:35 AM,78.0,0,0.0,71679753.75
09:19:36 AM,78.0,3800,296400.0,71976153.75
09:19:37 AM,77.7,0,0.0,71976153.75
09:19:37 AM,77.85,3150,245227.49999999997,72221381.25
09:19:38 AM,77.9,0,0.0,72221381.25
09:19:39 AM,77.55,1825,141528.75,72362910.0
09:19:40 AM,77.45,0,0.0,72362910.0
09:19:41 AM,77.95,2600,202670.0,72565580.0
09:19:41 AM,78.0,0,0.0,72565580.0
09:19:42 AM,77.6,0,0.0,72565580.0
09:19:42 AM,77.9,5675,442082.50000000006,73007662.5
09:19:43 AM,77.4,0,0.0,73007662.5
09:19:44 AM,78.9,0,0.0,73007662.5
09:19:44 AM,78.9,20050,1581945.0,74589607.5
09:19:45 AM,79.2,0,0.0,74589607.5
09:19:46 AM,79.35,4050,321367.5,74910975.0
09:19:46 AM,79.25,0,0.0,74910975.0
09:19:47 AM,79.15,0,0.0,74910975.0
09:19:47 AM,78.8,2225,175330.0,75086305.0
09:19:48 AM,79.0,0,0.0,75086305.0
09:19:49 AM,78.75,0,0.0,75086305.0
09:19:49 AM,78.75,2200,173250.0,75259555.0
09:19:50 AM,78.3,0,0.0,75259555.0
09:19:51 AM,78.65,775,60953.75000000001,75320508.75
09:19:51 AM,78.4,0,0.0,75320508.75
09:19:52 AM,78.8,0,0.0,75320508.75
09:19:52 AM,78.5,1675,131487.5,75451996.25
09:19:53 AM,78.75,0,0.0,75451996.25
09:19:54 AM,79.2,0,0.0,75451996.25
09:19:54 AM,79.2,6625,524700.0,75976696.25
09:19:55 AM,78.8,0,0.0,75976696.25
09:19:56 AM,79.25,1125,89156.25,76065852.5
09:19:56 AM,79.0,0,0.0,76065852.5
09:19:57 AM,78.95,0,0.0,76065852.5
09:19:57 AM,78.7,6575,517452.5,76583305.0
09:19:58 AM,78.6,0,0.0,76583305.0
09:19:59 AM,79.3,3275,259707.5,76843012.5
09:19:59 AM,79.25,0,0.0,76843012.5
09:20:00 AM,79.8,0,0.0,76843012.5
09:20:00 AM,79.7,18125,1444562.5,78287575.0
09:20:01 AM,80.4,0,0.0,78287575.0
09:20:02 AM,79.65,0,0.0,78287575.0
09:20:02 AM,79.9,12700,1014730.0000000001,79302305.0
09:20:03 AM,79.6,0,0.0,79302305.0
09:20:04 AM,80.0,0,0.0,79302305.0
09:20:04 AM,80.0,3925,314000.0,79616305.0
09:20:05 AM,79.65,0,0.0,79616305.0
09:20:05 AM,79.65,950,75667.5,79691972.5
09:20:06 AM,79.85,0,0.0,79691972.5
09:20:07 AM,79.45,0,0.0,79691972.5
09:20:07 AM,79.45,2375,188693.75,79880666.25
09:20:08 AM,79.55,0,0.0,79880666.25
09:20:09 AM,79.75,0,0.0,79880666.25
09:20:09 AM,80.0,18050,1444000.0,81324666.25
09:20:10 AM,80.15,0,0.0,81324666.25
09:20:10 AM,80.55,3525,283938.75,81608605.0
09:20:11 AM,80.65,0,0.0,81608605.0
09:20:12 AM,80.1,0,0.0,81608605.0
09:20:12 AM,79.8,7525,600495.0,82209100.0
09:20:13 AM,79.6,0,0.0,82209100.0
09:20:14 AM,79.15,0,0.0,82209100.0
09:20:14 AM,79.15,4525,358153.75,82567253.75
09:20:15 AM,78.55,0,0.0,82567253.75
09:20:15 AM,79.0,12225,965775.0,83533028.75
09:20:16 AM,79.1,0,0.0,83533028.75
09:20:17 AM,78.65,0,0.0,83533028.75
09:20:17 AM,79.0,8900,703100.0,84236128.75
09:20:18 AM,79.25,0,0.0,84236128.75
09:20:19 AM,79.15,4275,338366.25,84574495.0
09:20:20 AM,79.75,0,0.0,84574495.0
09:20:20 AM,80.15,2775,222416.25000000003,84796911.25
09:20:21 AM,80.2,0,0.0,84796911.25
09:20:22 AM,80.35,3300,265155.0,85062066.25
09:20:23 AM,80.25,0,0.0,85062066.25
09:20:24 AM,80.75,7525,607643.75,85669710.0
09:20:24 AM,80.8,0,0.0,85669710.0
09:20:25 AM,81.15,0,0.0,85669710.0
09:20:25 AM,81.3,5075,412597.5,86082307.5
09:20:26 AM,81.55,0,0.0,86082307.5
09:20:27 AM,81.45,0,0.0,86082307.5
09:20:27 AM,81.4,4875,396825.0,86479132.5
09:20:28 AM,81.05,0,0.0,86479132.5
09:20:29 AM,81.2,1475,119770.0,86598902.5
09:20:29 AM,80.8,0,0.0,86598902.5
09:20:30 AM,80.0,0,0.0,86598902.5
09:20:30 AM,79.7,5675,452297.5,87051200.0
09:20:32 AM,79.25,0,0.0,87051200.0
09:20:32 AM,79.7,1700,135490.0,87186690.0
09:20:33 AM,79.4,0,0.0,87186690.0
09:20:34 AM,79.8,0,0.0,87186690.0
09:20:34 AM,80.0,4225,338000.0,87524690.0
09:20:35 AM,80.55,0,0.0,87524690.0
09:20:35 AM,79.95,2200,175890.0,87700580.0
09:20:36 AM,79.8,0,0.0,87700580.0
09:20:37 AM,79.85,0,0.0,87700580.0
09:20:37 AM,79.3,1175,93177.5,87793757.5
09:20:38 AM,79.0,0,0.0,87793757.5
09:20:39 AM,79.15,3125,247343.75000000003,88041101.25
09:20:40 AM,78.4,0,0.0,88041101.25
09:20:40 AM,79.3,4125,327112.5,88368213.75
09:20:42 AM,79.75,0,0.0,88368213.75
09:20:42 AM,79.8,1900,151620.0,88519833.75
09:20:43 AM,80.25,0,0.0,88519833.75
09:20:44 AM,80.2,0,0.0,88519833.75
09:20:44 AM,80.35,600,48210.0,88568043.75
09:20:45 AM,79.9,0,0.0,88568043.75
09:20:45 AM,80.05,1150,92057.5,88660101.25
09:20:46 AM,80.1,0,0.0,88660101.25
09:20:47 AM,79.0,0,0.0,88660101.25
09:20:47 AM,78.85,4175,329198.75,88989300.0
09:20:48 AM,78.6,0,0.0,88989300.0
09:20:49 AM,79.1,1550,122604.99999999999,89111905.0
09:20:50 AM,78.45,0,0.0,89111905.0
09:20:50 AM,78.95,5125,404618.75,89516523.75
09:20:52 AM,79.45,0,0.0,89516523.75
09:20:52 AM,79.85,4925,393261.25,89909785.0
09:20:54 AM,79.8,0,0.0,89909785.0
09:20:54 AM,79.8,1400,111720.0,90021505.0
09:20:55 AM,80.3,0,0.0,90021505.0
09:20:55 AM,80.45,5000,402250.0,90423755.0
09:20:56 AM,80.4,0,0.0,90423755.0
09:20:57 AM,80.0,0,0.0,90423755.0
09:20:57 AM,80.0,1050,84000.0,90507755.0
09:20:58 AM,80.3,0,0.0,90507755.0
09:20:59 AM,79.35,8450,670507.5,91178262.5
09:21:00 AM,79.3,0,0.0,91178262.5
09:21:00 AM,78.95,4150,327642.5,91505905.0
09:21:01 AM,79.05,0,0.0,91505905.0
09:21:02 AM,80.2,0,0.0,91505905.0
09:21:02 AM,80.0,5000,400000.0,91905905.0
09:21:03 AM,79.9,0,0.0,91905905.0
09:21:04 AM,80.8,1600,129280.0,92035185.0
09:21:05 AM,80.75,0,0.0,92035185.0
09:21:05 AM,80.5,2125,171062.5,92206247.5
09:21:06 AM,80.0,0,0.0,92206247.5
09:21:07 AM,80.1,0,0.0,92206247.5
09:21:07 AM,79.9,2100,167790.0,92374037.5
09:21:08 AM,80.0,0,0.0,92374037.5
09:21:09 AM,79.25,0,0.0,92374037.5
09:21:09 AM,79.0,1125,88875.0,92462912.5
09:21:10 AM,79.4,0,0.0,92462912.5
09:21:11 AM,79.15,2225,176108.75,92639021.25
09:21:11 AM,78.9,0,0.0,92639021.25
09:21:12 AM,79.7,0,0.0,92639021.25
09:21:12 AM,79.55,3950,314222.5,92953243.75
09:21:13 AM,79.9,0,0.0,92953243.75
09:21:14 AM,79.5,4750,377625.0,93330868.75
09:21:15 AM,79.6,0,0.0,93330868.75
09:21:16 AM,79.4,6500,516100.00000000006,93846968.75
09:21:16 AM,79.95,0,0.0,93846968.75
09:21:17 AM,80.35,0,0.0,93846968.75
09:21:17 AM,80.35,4900,393715.0,94240683.75
09:21:18 AM,80.5,0,0.0,94240683.75
09:21:19 AM,80.7,5950,480165.0,94720848.75
09:21:20 AM,81.25,0,0.0,94720848.75
09:21:21 AM,81.35,2875,233881.24999999997,94954730.0
09:21:21 AM,81.85,0,0.0,94954730.0
09:21:22 AM,80.75,0,0.0,94954730.0
09:21:22 AM,80.8,2525,204020.0,95158750.0
09:21:23 AM,81.15,0,0.0,95158750.0
09:21:24 AM,80.75,4900,395675.0,95554425.0
09:21:24 AM,80.9,0,0.0,95554425.0
09:21:25 AM,81.05,0,0.0,95554425.0
09:21:26 AM,80.55,1500,120825.0,95675250.0
09:21:26 AM,80.25,0,0.0,95675250.0
09:21:27 AM,81.0,0,0.0,95675250.0
09:21:27 AM,80.8,1175,94940.0,95770190.0
09:21:28 AM,81.35,0,0.0,95770190.0
09:21:29 AM,81.05,0,0.0,95770190.0
09:21:29 AM,81.05,5475,443748.75,96213938.75
09:21:30 AM,80.6,0,0.0,96213938.75
09:21:31 AM,80.55,3175,255746.25,96469685.0
09:21:31 AM,80.3,0,0.0,96469685.0
09:21:32 AM,79.7,0,0.0,96469685.0
09:21:32 AM,79.8,5525,440895.0,96910580.0
09:21:34 AM,80.15,1825,146273.75,97056853.75
09:21:35 AM,79.75,0,0.0,97056853.75
09:21:36 AM,80.95,4475,362251.25,97419105.0
09:21:36 AM,80.7,0,0.0,97419105.0
09:21:37 AM,81.1,0,0.0,97419105.0
09:21:37 AM,81.2,4100,332920.0,97752025.0
09:21:39 AM,81.1,4800,389280.0,98141305.0
09:21:40 AM,81.0,0,0.0,98141305.0
09:21:41 AM,81.0,875,70875.0,98212180.0
09:21:41 AM,80.9,0,0.0,98212180.0
09:21:42 AM,80.8,0,0.0,98212180.0
09:21:42 AM,80.7,2875,232012.5,98444192.5
09:21:44 AM,81.0,0,0.0,98444192.5
09:21:44 AM,80.85,1875,151593.75,98595786.25
09:21:45 AM,81.15,0,0.0,98595786.25
09:21:46 AM,80.8,2375,191900.0,98787686.25
09:21:46 AM,80.55,0,0.0,98787686.25
09:21:47 AM,80.5,0,0.0,98787686.25
09:21:47 AM,80.55,1100,88605.0,98876291.25
09:21:48 AM,81.2,0,0.0,98876291.25
09:21:49 AM,80.95,725,58688.75,98934980.0
09:21:50 AM,80.75,0,0.0,98934980.0
09:21:51 AM,80.9,3525,285172.5,99220152.5
09:21:52 AM,80.6,0,0.0,99220152.5
09:21:52 AM,80.75,1425,115068.75,99335221.25
09:21:53 AM,80.7,0,0.0,99335221.25
09:21:54 AM,80.35,0,0.0,99335221.25
09:21:54 AM,80.35,6725,540353.75,99875575.0
09:21:55 AM,80.75,0,0.0,99875575.0
09:21:56 AM,80.8,1675,135340.0,100010915.0
09:21:57 AM,81.2,0,0.0,100010915.0
09:21:57 AM,81.25,2550,207187.5,100218102.5
09:21:58 AM,81.9,0,0.0,100218102.5
09:21:59 AM,81.9,1350,110565.00000000001,100328667.5
09:22:00 AM,82.45,0,0.0,100328667.5
09:22:01 AM,82.85,11500,952774.9999999999,101281442.5
09:22:01 AM,82.8,0,0.0,101281442.5
09:22:02 AM,82.35,0,0.0,101281442.5
09:22:02 AM,83.5,6700,559450.0,101840892.5
09:22:03 AM,83.25,0,0.0,101840892.5
09:22:04 AM,82.8,0,0.0,101840892.5
09:22:04 AM,82.8,12350,1022580.0,102863472.5
09:22:05 AM,82.5,0,0.0,102863472.5
09:22:06 AM,82.45,4050,333922.5,103197395.0
09:22:06 AM,82.25,0,0.0,103197395.0
09:22:07 AM,82.35,0,0.0,103197395.0
09:22:07 AM,82.35,5300,436454.99999999994,103633850.0
09:22:09 AM,81.7,0,0.0,103633850.0
09:22:09 AM,81.95,675,55316.25,103689166.25
09:22:10 AM,82.1,0,0.0,103689166.25
09:22:11 AM,82.25,425,34956.25,103724122.5
09:22:11 AM,82.35,0,0.0,103724122.5
09:22:12 AM,82.4,0,0.0,103724122.5
09:22:12 AM,82.25,3675,302268.75,104026391.25
09:22:13 AM,82.65,0,0.0,104026391.25
09:22:14 AM,82.4,475,39140.0,104065531.25
09:22:15 AM,82.6,0,0.0,104065531.25
09:22:16 AM,82.8,4300,356040.0,104421571.25
09:22:16 AM,82.75,0,0.0,104421571.25
09:22:17 AM,82.1,0,0.0,104421571.25
09:22:17 AM,81.35,6175,502336.24999999994,104923907.5
09:22:18 AM,81.1,0,0.0,104923907.5
09:22:19 AM,81.85,0,0.0,104923907.5
09:22:19 AM,81.85,4500,368325.0,105292232.5
09:22:20 AM,81.4,0,0.0,105292232.5
09:22:21 AM,82.0,3850,315700.0,105607932.5
09:22:21 AM,82.25,0,0.0,105607932.5
09:22:22 AM,82.75,0,0.0,105607932.5
09:22:22 AM,82.35,3900,321165.0,105929097.5
09:22:23 AM,82.15,0,0.0,105929097.5
09:22:24 AM,81.65,0,0.0,105929097.5
09:22:24 AM,81.65,3725,304146.25,106233243.75
09:22:25 AM,81.5,0,0.0,106233243.75
09:22:26 AM,80.8,5500,444400.0,106677643.75
09:22:27 AM,81.25,0,0.0,106677643.75
09:22:27 AM,81.6,1700,138720.0,106816363.75
09:22:28 AM,82.35,0,0.0,106816363.75
09:22:29 AM,82.55,0,0.0,106816363.75
09:22:29 AM,82.6,2300,189980.0,107006343.75
09:22:30 AM,82.1,0,0.0,107006343.75
09:22:31 AM,82.2,12925,1062435.0,108068778.75
09:22:32 AM,82.65,0,0.0,108068778.75
09:22:32 AM,82.35,1500,123524.99999999999,108192303.75
09:22:34 AM,82.15,0,0.0,108192303.75
09:22:34 AM,82.15,8100,665415.0,108857718.75
09:22:35 AM,81.85,0,0.0,108857718.75
09:22:36 AM,81.05,0,0.0,108857718.75
09:22:36 AM,81.0,925,74925.0,108932643.75
09:22:37 AM,80.6,0,0.0,108932643.75
09:22:37 AM,80.9,4525,366072.5,109298716.25
09:22:38 AM,80.8,0,0.0,109298716.25
09:22:39 AM,81.05,0,0.0,109298716.25
09:22:39 AM,81.05,1400,113470.0,109412186.25
09:22:40 AM,80.35,0,0.0,109412186.25
09:22:41 AM,80.85,0,0.0,109412186.25
09:22:41 AM,80.85,5100,412335.0,109824521.25
09:22:42 AM,81.45,0,0.0,109824521.25
09:22:42 AM,82.0,375,30750.0,109855271.25
09:22:43 AM,82.1,0,0.0,109855271.25
09:22:44 AM,82.3,0,0.0,109855271.25
09:22:44 AM,82.3,1825,150197.5,110005468.75
09:22:45 AM,82.35,0,0.0,110005468.75
09:22:46 AM,81.7,0,0.0,110005468.75
09:22:46 AM,81.7,250,20425.0,110025893.75
09:22:47 AM,81.75,0,0.0,110025893.75
09:22:47 AM,81.55,400,32620.0,110058513.75
09:22:48 AM,82.05,0,0.0,110058513.75
09:22:49 AM,82.6,0,0.0,110058513.75
09:22:49 AM,82.35,3725,306753.75,110365267.5
09:22:50 AM,82.5,0,0.0,110365267.5
09:22:51 AM,82.15,0,0.0,110365267.5
09:22:51 AM,82.15,2750,225912.50000000003,110591180.0
09:22:52 AM,82.65,0,0.0,110591180.0
09:22:52 AM,82.95,400,33180.0,110624360.0
09:22:53 AM,83.3,0,0.0,110624360.0
09:22:54 AM,83.85,0,0.0,110624360.0
09:22:54 AM,83.7,6650,556605.0,111180965.0
09:22:55 AM,83.65,0,0.0,111180965.0
09:22:56 AM,84.1,2625,220762.49999999997,111401727.5
09:22:57 AM,84.05,0,0.0,111401727.5
09:22:57 AM,84.15,3650,307147.5,111708875.0
09:22:58 AM,84.7,0,0.0,111708875.0
09:22:59 AM,85.0,0,0.0,111708875.0
09:22:59 AM,85.0,5875,499375.0,112208250.0
09:23:00 AM,84.55,0,0.0,112208250.0
09:23:01 AM,85.45,0,0.0,112208250.0
09:23:01 AM,85.3,11775,1004407.5,113212657.5
09:23:02 AM,85.25,0,0.0,113212657.5
09:23:02 AM,85.0,2425,206125.0,113418782.5
09:23:03 AM,84.8,0,0.0,113418782.5
09:23:04 AM,85.05,0,0.0,113418782.5
09:23:04 AM,84.7,3675,311272.5,113730055.0
09:23:05 AM,84.95,0,0.0,113730055.0
09:23:06 AM,85.2,4025,342930.0,114072985.0
09:23:06 AM,84.9,0,0.0,114072985.0
09:23:07 AM,84.55,0,0.0,114072985.0
09:23:07 AM,85.0,2475,210375.0,114283360.0
09:23:08 AM,85.3,0,0.0,114283360.0
09:23:09 AM,85.2,5675,483510.0,114766870.0
09:23:09 AM,85.15,0,0.0,114766870.0
09:23:10 AM,85.6,0,0.0,114766870.0
09:23:11 AM,84.5,0,0.0,114766870.0
09:23:11 AM,84.55,3950,333972.5,115100842.5
09:23:12 AM,84.85,0,0.0,115100842.5
09:23:13 AM,84.7,2250,190575.0,115291417.5
09:23:14 AM,84.4,0,0.0,115291417.5
09:23:14 AM,84.45,3400,287130.0,115578547.5
09:23:15 AM,84.7,0,0.0,115578547.5
09:23:16 AM,84.75,2100,177975.0,115756522.5
09:23:16 AM,84.7,0,0.0,115756522.5
09:23:17 AM,84.25,0,0.0,115756522.5
09:23:18 AM,84.7,3625,307037.5,116063560.0
09:23:18 AM,84.2,0,0.0,116063560.0
09:23:19 AM,84.1,0,0.0,116063560.0
09:23:19 AM,84.1,7750,651775.0,116715335.0
09:23:20 AM,84.0,0,0.0,116715335.0
09:23:21 AM,84.6,3100,262260.0,116977595.0
09:23:21 AM,84.4,0,0.0,116977595.0
09:23:22 AM,83.5,0,0.0,116977595.0
09:23:23 AM,83.65,2025,169391.25,117146986.25
09:23:23 AM,83.75,0,0.0,117146986.25
09:23:24 AM,84.0,0,0.0,117146986.25
09:23:24 AM,84.25,875,73718.75,117220705.0
09:23:25 AM,84.45,0,0.0,117220705.0
09:23:26 AM,84.7,950,80465.0,117301170.0
09:23:26 AM,84.85,0,0.0,117301170.0
09:23:27 AM,84.75,0,0.0,117301170.0
09:23:28 AM,84.9,2500,212250.0,117513420.0
09:23:28 AM,85.2,0,0.0,117513420.0
09:23:29 AM,84.65,0,0.0,117513420.0
09:23:29 AM,84.65,2125,179881.25,117693301.25
09:23:30 AM,84.7,0,0.0,117693301.25
09:23:31 AM,84.15,1225,103083.75,117796385.0
09:23:31 AM,84.0,0,0.0,117796385.0
09:23:32 AM,83.75,0,0.0,117796385.0
09:23:33 AM,83.85,1850,155122.5,117951507.5
09:23:33 AM,84.45,0,0.0,117951507.5
09:23:34 AM,84.25,0,0.0,117951507.5
09:23:34 AM,84.1,1550,130354.99999999999,118081862.5
09:23:35 AM,84.3,0,0.0,118081862.5
09:23:36 AM,83.2,3450,287040.0,118368902.5
09:23:36 AM,83.3,0,0.0,118368902.5
09:23:37 AM,83.25,0,0.0,118368902.5
09:23:38 AM,83.35,2575,214626.24999999997,118583528.75
09:23:38 AM,83.25,0,0.0,118583528.75
09:23:39 AM,84.1,0,0.0,118583528.75
09:23:39 AM,83.75,3100,259625.0,118843153.75
09:23:40 AM,82.65,0,0.0,118843153.75
09:23:41 AM,82.7,2225,184007.5,119027161.25
09:23:42 AM,82.75,0,0.0,119027161.25
09:23:43 AM,81.55,6800,554540.0,119581701.25
09:23:43 AM,81.25,0,0.0,119581701.25
09:23:44 AM,80.4,0,0.0,119581701.25
09:23:44 AM,80.0,5675,454000.0,120035701.25
09:23:45 AM,79.35,0,0.0,120035701.25
09:23:46 AM,79.0,9125,720875.0,120756576.25
09:23:46 AM,78.9,0,0.0,120756576.25
09:23:47 AM,78.8,0,0.0,120756576.25
09:23:48 AM,79.3,4150,329095.0,121085671.25
09:23:48 AM,79.55,0,0.0,121085671.25
09:23:49 AM,79.7,0,0.0,121085671.25
09:23:49 AM,80.45,4150,333867.5,121419538.75
09:23:50 AM,80.25,0,0.0,121419538.75
09:23:51 AM,80.1,1900,152190.0,121571728.75
09:23:52 AM,80.0,0,0.0,121571728.75
09:23:53 AM,80.3,2675,214802.5,121786531.25
09:23:53 AM,80.0,0,0.0,121786531.25
09:23:54 AM,79.8,0,0.0,121786531.25
09:23:54 AM,79.65,1550,123457.50000000001,121909988.75
09:23:55 AM,79.7,0,0.0,121909988.75
09:23:56 AM,79.0,3125,246875.0,122156863.75
09:23:56 AM,79.3,0,0.0,122156863.75
09:23:57 AM,80.7,0,0.0,122156863.75
09:23:58 AM,80.9,5900,477310.00000000006,122634173.75
09:23:59 AM,81.4,0,0.0,122634173.75
09:23:59 AM,81.4,5525,449735.00000000006,123083908.75
09:24:00 AM,81.45,0,0.0,123083908.75
09:24:01 AM,81.9,9525,780097.5,123864006.25
09:24:01 AM,81.75,0,0.0,123864006.25
09:24:02 AM,82.0,0,0.0,123864006.25
09:24:03 AM,81.95,2425,198728.75,124062735.0
09:24:03 AM,82.8,0,0.0,124062735.0
09:24:04 AM,82.95,0,0.0,124062735.0
09:24:04 AM,83.0,6900,572700.0,124635435.0
09:24:05 AM,83.2,0,0.0,124635435.0
09:24:06 AM,83.4,2550,212670.0,124848105.0
09:24:06 AM,83.35,0,0.0,124848105.0
09:24:07 AM,82.5,0,0.0,124848105.0
09:24:08 AM,82.4,1625,133900.0,124982005.0
09:24:08 AM,82.6,0,0.0,124982005.0
09:24:09 AM,82.55,0,0.0,124982005.0
09:24:09 AM,82.6,2400,198240.0,125180245.0
09:24:10 AM,82.15,0,0.0,125180245.0
09:24:11 AM,82.15,3350,275202.5,125455447.5
09:24:11 AM,81.95,0,0.0,125455447.5
09:24:12 AM,82.15,0,0.0,125455447.5
09:24:13 AM,81.95,4925,403603.75,125859051.25
09:24:13 AM,81.6,0,0.0,125859051.25
09:24:14 AM,81.8,0,0.0,125859051.25
09:24:14 AM,81.4,1800,146520.0,126005571.25
09:24:15 AM,81.55,0,0.0,126005571.25
09:24:16 AM,82.25,775,63743.75,126069315.0
09:24:16 AM,82.5,0,0.0,126069315.0
09:24:17 AM,82.6,0,0.0,126069315.0
09:24:18 AM,82.95,425,35253.75,126104568.75
09:24:18 AM,83.35,0,0.0,126104568.75
09:24:19 AM,83.0,0,0.0,126104568.75
09:24:19 AM,83.3,3600,299880.0,126404448.75
09:24:20 AM,83.0,0,0.0,126404448.75
09:24:21 AM,82.85,1275,105633.75,126510082.5
09:24:22 AM,82.65,0,0.0,126510082.5
09:24:23 AM,82.4,1625,133900.0,126643982.5
09:24:23 AM,82.6,0,0.0,126643982.5
09:24:24 AM,82.85,0,0.0,126643982.5
09:24:24 AM,83.1,1625,135037.5,126779020.0
09:24:25 AM,82.25,0,0.0,126779020.0
09:24:26 AM,82.1,2975,244247.49999999997,127023267.5
09:24:27 AM,83.8,0,0.0,127023267.5
09:24:28 AM,83.95,20750,1741962.5,128765230.0
09:24:28 AM,83.8,0,0.0,128765230.0
09:24:29 AM,83.6,0,0.0,128765230.0
09:24:29 AM,83.8,4650,389670.0,129154900.0
09:24:30 AM,84.1,0,0.0,129154900.0
09:24:31 AM,84.05,10500,882525.0,130037425.0
09:24:31 AM,83.9,0,0.0,130037425.0
09:24:32 AM,83.8,0,0.0,130037425.0
09:24:33 AM,83.5,4300,359050.0,130396475.0
09:24:34 AM,84.05,0,0.0,130396475.0
09:24:34 AM,83.8,6000,502800.0,130899275.0
09:24:35 AM,83.7,0,0.0,130899275.0
09:24:36 AM,83.3,2825,235322.5,131134597.5
09:24:37 AM,83.7,0,0.0,131134597.5
09:24:38 AM,83.7,1575,131827.5,131266425.0
09:24:38 AM,84.0,0,0.0,131266425.0
09:24:39 AM,84.05,0,0.0,131266425.0
09:24:39 AM,84.05,3325,279466.25,131545891.25
09:24:40 AM,83.9,0,0.0,131545891.25
09:24:41 AM,84.1,2700,227069.99999999997,131772961.25
09:24:41 AM,84.05,0,0.0,131772961.25
09:24:42 AM,83.4,0,0.0,131772961.25
09:24:43 AM,83.45,1725,143951.25,131916912.5
09:24:43 AM,83.75,0,0.0,131916912.5
09:24:44 AM,83.8,0,0.0,131916912.5
09:24:44 AM,83.6,1600,133760.0,132050672.5
09:24:45 AM,83.75,0,0.0,132050672.5
09:24:46 AM,84.05,1925,161796.25,132212468.75
09:24:46 AM,84.3,0,0.0,132212468.75
09:24:47 AM,83.8,0,0.0,132212468.75
09:24:48 AM,83.3,3550,295715.0,132508183.75
09:24:48 AM,83.4,0,0.0,132508183.75
09:24:49 AM,83.1,0,0.0,132508183.75
09:24:49 AM,83.25,5750,478687.5,132986871.25
09:24:50 AM,82.8,0,0.0,132986871.25
09:24:51 AM,83.3,1225,102042.5,133088913.75
09:24:52 AM,83.4,0,0.0,133088913.75
09:24:53 AM,83.4,575,47955.0,133136868.75
09:24:53 AM,83.65,0,0.0,133136868.75
09:24:54 AM,84.0,0,0.0,133136868.75
09:24:54 AM,84.2,4550,383110.0,133519978.75
09:24:55 AM,84.8,0,0.0,133519978.75
09:24:56 AM,84.3,2575,217072.5,133737051.25
09:24:56 AM,84.35,0,0.0,133737051.25
09:24:57 AM,83.9,0,0.0,133737051.25
09:24:58 AM,83.5,4550,379925.0,134116976.25
09:24:58 AM,83.6,0,0.0,134116976.25
09:24:59 AM,83.2,0,0.0,134116976.25
09:24:59 AM,83.2,1075,89440.0,134206416.25
09:25:00 AM,82.75,0,0.0,134206416.25
09:25:01 AM,82.35,3100,255284.99999999997,134461701.25
09:25:02 AM,81.95,0,0.0,134461701.25
09:25:03 AM,82.95,8500,705075.0,135166776.25
09:25:04 AM,83.05,0,0.0,135166776.25
09:25:04 AM,83.2,3950,328640.0,135495416.25
09:25:05 AM,82.7,0,0.0,135495416.25
09:25:06 AM,82.25,1500,123375.0,135618791.25
09:25:06 AM,82.3,0,0.0,135618791.25
09:25:07 AM,81.5,0,0.0,135618791.25
09:25:08 AM,81.45,4100,333945.0,135952736.25
09:25:08 AM,81.3,0,0.0,135952736.25
09:25:09 AM,82.0,0,0.0,135952736.25
09:25:09 AM,81.45,2850,232132.5,136184868.75
09:25:10 AM,81.25,0,0.0,136184868.75
09:25:11 AM,81.9,3025,247747.50000000003,136432616.25
09:25:11 AM,81.95,0,0.0,136432616.25
09:25:12 AM,82.15,0,0.0,136432616.25
09:25:13 AM,81.9,4175,341932.5,136774548.75
09:25:13 AM,82.0,0,0.0,136774548.75
09:25:14 AM,81.9,0,0.0,136774548.75
09:25:14 AM,81.9,2750,225225.00000000003,136999773.75
09:25:15 AM,81.85,0,0.0,136999773.75
09:25:16 AM,81.1,14350,1163785.0,138163558.75
09:25:17 AM,80.65,0,0.0,138163558.75
09:25:18 AM,80.35,3500,281225.0,138444783.75
09:25:18 AM,80.65,0,0.0,138444783.75
09:25:19 AM,80.15,0,0.0,138444783.75
09:25:19 AM,80.35,6225,500178.74999999994,138944962.5
09:25:21 AM,80.75,3225,260418.75,139205381.25
09:25:22 AM,79.7,0,0.0,139205381.25
09:25:23 AM,79.0,6825,539175.0,139744556.25
09:25:23 AM,79.2,0,0.0,139744556.25
09:25:24 AM,78.2,0,0.0,139744556.25
09:25:24 AM,78.0,5625,438750.0,140183306.25
09:25:25 AM,77.6,0,0.0,140183306.25
09:25:26 AM,77.1,11750,905924.9999999999,141089231.25
09:25:26 AM,77.35,0,0.0,141089231.25
09:25:27 AM,77.25,0,0.0,141089231.25
09:25:28 AM,77.8,1525,118645.0,141207876.25
09:25:28 AM,77.9,0,0.0,141207876.25
09:25:29 AM,78.2,0,0.0,141207876.25
09:25:29 AM,78.55,1550,121752.5,141329628.75
09:25:30 AM,79.25,0,0.0,141329628.75
09:25:31 AM,79.45,1675,133078.75,141462707.5
09:25:32 AM,79.15,0,0.0,141462707.5
09:25:33 AM,79.05,1800,142290.0,141604997.5
09:25:33 AM,79.2,0,0.0,141604997.5
09:25:34 AM,79.4,0,0.0,141604997.5
09:25:34 AM,79.4,675,53595.00000000001,141658592.5
09:25:35 AM,79.5,0,0.0,141658592.5
09:25:36 AM,80.15,0,0.0,141658592.5
09:25:36 AM,80.15,8025,643203.75,142301796.25
09:25:37 AM,80.4,0,0.0,142301796.25
09:25:38 AM,80.15,4125,330618.75,142632415.0
09:25:38 AM,80.35,0,0.0,142632415.0
09:25:39 AM,80.25,0,0.0,142632415.0
09:25:39 AM,80.7,3400,274380.0,142906795.0
09:25:40 AM,80.45,0,0.0,142906795.0
09:25:41 AM,79.95,0,0.0,142906795.0
09:25:41 AM,79.95,3725,297813.75,143204608.75
09:25:42 AM,79.15,0,0.0,143204608.75
09:25:43 AM,80.0,3375,270000.0,143474608.75
09:25:44 AM,80.45,0,0.0,143474608.75
09:25:44 AM,80.45,175,14078.75,143488687.5
09:25:46 AM,80.9,0,0.0,143488687.5
09:25:46 AM,80.9,4650,376185.0,143864872.5
09:25:47 AM,80.35,0,0.0,143864872.5
09:25:48 AM,80.15,2725,218408.75000000003,144083281.25
09:25:49 AM,80.0,0,0.0,144083281.25
09:25:49 AM,80.4,3450,277380.0,144360661.25
09:25:50 AM,80.5,0,0.0,144360661.25
09:25:51 AM,80.0,0,0.0,144360661.25
09:25:51 AM,80.0,1675,134000.0,144494661.25
09:25:52 AM,79.7,0,0.0,144494661.25
09:25:53 AM,79.75,3375,269156.25,144763817.5
09:25:53 AM,79.95,0,0.0,144763817.5
09:25:54 AM,79.35,0,0.0,144763817.5
09:25:54 AM,79.05,3950,312247.5,145076065.0
09:25:55 AM,79.15,0,0.0,145076065.0
09:25:56 AM,78.7,5550,436785.0,145512850.0
09:25:56 AM,78.8,0,0.0,145512850.0
09:25:57 AM,78.9,0,0.0,145512850.0
09:25:58 AM,78.45,1325,103946.25,145616796.25
09:25:58 AM,78.3,0,0.0,145616796.25
09:25:59 AM,78.85,0,0.0,145616796.25
09:25:59 AM,78.6,1675,131655.0,145748451.25
09:26:00 AM,77.8,0,0.0,145748451.25
09:26:01 AM,77.45,0,0.0,145748451.25
09:26:01 AM,77.2,3625,279850.0,146028301.25
09:26:02 AM,77.75,0,0.0,146028301.25
09:26:03 AM,77.25,3575,276168.75,146304470.0
09:26:03 AM,77.45,0,0.0,146304470.0
09:26:04 AM,77.6,0,0.0,146304470.0
09:26:04 AM,78.0,2250,175500.0,146479970.0
09:26:05 AM,77.1,0,0.0,146479970.0
09:26:06 AM,76.7,4250,325975.0,146805945.0
09:26:06 AM,77.25,0,0.0,146805945.0
09:26:07 AM,77.35,0,0.0,146805945.0
09:26:08 AM,77.1,2475,190822.5,146996767.5
09:26:08 AM,77.4,0,0.0,146996767.5
09:26:09 AM,77.45,0,0.0,146996767.5
09:26:09 AM,77.15,4825,372248.75,147369016.25
09:26:10 AM,77.4,0,0.0,147369016.25
09:26:11 AM,76.9,0,0.0,147369016.25
09:26:11 AM,76.9,1975,151877.5,147520893.75
09:26:12 AM,77.4,0,0.0,147520893.75
09:26:13 AM,77.7,3625,281662.5,147802556.25
09:26:14 AM,76.95,0,0.0,147802556.25
09:26:14 AM,77.45,1825,141346.25,147943902.5
09:26:15 AM,77.25,0,0.0,147943902.5
09:26:16 AM,77.05,2200,169510.0,148113412.5
09:26:17 AM,75.9,0,0.0,148113412.5
09:26:18 AM,75.0,13825,1036875.0,149150287.5
09:26:19 AM,74.6,0,0.0,149150287.5
09:26:19 AM,74.95,4825,361633.75,149511921.25
09:26:21 AM,75.0,0,0.0,149511921.25
09:26:21 AM,75.0,5150,386250.0,149898171.25
09:26:22 AM,75.35,0,0.0,149898171.25
09:26:23 AM,75.5,4725,356737.5,150254908.75
09:26:23 AM,75.8,0,0.0,150254908.75
09:26:24 AM,75.6,0,0.0,150254908.75
09:26:24 AM,75.85,2100,159285.0,150414193.75
09:26:25 AM,75.35,0,0.0,150414193.75
09:26:26 AM,75.7,650,49205.0,150463398.75
09:26:26 AM,75.9,0,0.0,150463398.75
09:26:27 AM,75.65,0,0.0,150463398.75
09:26:28 AM,76.3,1150,87745.0,150551143.75
09:26:28 AM,76.05,0,0.0,150551143.75
09:26:29 AM,76.6,0,0.0,150551143.75
09:26:29 AM,76.25,275,20968.75,150572112.5
09:26:30 AM,75.95,0,0.0,150572112.5
09:26:31 AM,76.25,0,0.0,150572112.5
09:26:31 AM,76.25,1425,108656.25,150680768.75
09:26:32 AM,76.5,0,0.0,150680768.75
09:26:33 AM,76.05,1475,112173.75,150792942.5
09:26:33 AM,75.3,0,0.0,150792942.5
09:26:34 AM,75.4,0,0.0,150792942.5
09:26:34 AM,74.8,3825,286110.0,151079052.5
09:26:35 AM,74.65,0,0.0,151079052.5
09:26:36 AM,75.2,2750,206800.0,151285852.5
09:26:37 AM,75.25,0,0.0,151285852.5
09:26:38 AM,75.3,2850,214605.0,151500457.5
09:26:38 AM,75.45,0,0.0,151500457.5
09:26:39 AM,75.7,0,0.0,151500457.5
09:26:39 AM,75.7,3800,287660.0,151788117.5
09:26:40 AM,75.45,0,0.0,151788117.5
09:26:41 AM,75.4,300,22620.0,151810737.5
09:26:42 AM,75.0,0,0.0,151810737.5
09:26:43 AM,74.8,475,35530.0,151846267.5
09:26:43 AM,75.55,0,0.0,151846267.5
09:26:44 AM,75.7,0,0.0,151846267.5
09:26:44 AM,75.85,1800,136530.0,151982797.5
09:26:45 AM,76.25,0,0.0,151982797.5
09:26:46 AM,76.15,0,0.0,151982797.5
09:26:46 AM,76.25,1025,78156.25,152060953.75
09:26:47 AM,76.55,0,0.0,152060953.75
09:26:48 AM,75.75,2450,185587.5,152246541.25
09:26:49 AM,75.45,0,0.0,152246541.25
09:26:49 AM,75.6,1450,109619.99999999999,152356161.25
09:26:51 AM,76.05,7375,560868.75,152917030.0
09:26:51 AM,76.5,0,0.0,152917030.0
09:26:52 AM,76.6,0,0.0,152917030.0
09:26:53 AM,76.1,10075,766707.5,153683737.5
09:26:54 AM,76.9,0,0.0,153683737.5
09:26:54 AM,77.05,2850,219592.5,153903330.0
09:26:55 AM,77.4,0,0.0,153903330.0
09:26:56 AM,77.75,0,0.0,153903330.0
09:26:56 AM,77.35,1150,88952.5,153992282.5
09:26:57 AM,77.3,0,0.0,153992282.5
09:26:58 AM,77.3,6000,463800.0,154456082.5
09:26:58 AM,77.15,0,0.0,154456082.5
09:26:59 AM,77.35,0,0.0,154456082.5
09:26:59 AM,77.0,2575,198275.0,154654357.5
09:27:01 AM,77.3,2750,212575.0,154866932.5
09:27:02 AM,76.95,0,0.0,154866932.5
09:27:03 AM,76.4,1025,78310.0,154945242.5
09:27:03 AM,76.6,0,0.0,154945242.5
09:27:04 AM,76.05,0,0.0,154945242.5
09:27:04 AM,76.05,1050,79852.5,155025095.0
09:27:05 AM,76.35,0,0.0,155025095.0
09:27:06 AM,77.0,0,0.0,155025095.0
09:27:06 AM,77.0,6825,525525.0,155550620.0
09:27:08 AM,76.8,650,49920.0,155600540.0
09:27:09 AM,77.0,0,0.0,155600540.0
09:27:09 AM,77.15,1000,77150.0,155677690.0
09:27:10 AM,77.65,0,0.0,155677690.0
09:27:11 AM,77.8,0,0.0,155677690.0
09:27:11 AM,77.8,5050,392890.0,156070580.0
09:27:12 AM,78.2,0,0.0,156070580.0
09:27:13 AM,78.15,1475,115271.25000000001,156185851.25
09:27:13 AM,78.0,0,0.0,156185851.25
09:27:14 AM,77.55,0,0.0,156185851.25
09:27:14 AM,77.65,3250,252362.50000000003,156438213.75
09:27:15 AM,77.5,0,0.0,156438213.75
09:27:16 AM,77.95,5575,434571.25,156872785.0
09:27:18 AM,78.1,1625,126912.49999999999,156999697.5
09:27:19 AM,78.0,0,0.0,156999697.5
09:27:19 AM,77.8,1850,143930.0,157143627.5
09:27:20 AM,77.9,0,0.0,157143627.5
09:27:21 AM,77.6,950,73720.0,157217347.5
09:27:22 AM,77.2,0,0.0,157217347.5
09:27:23 AM,77.9,2850,222015.00000000003,157439362.5
09:27:24 AM,78.2,0,0.0,157439362.5
09:27:24 AM,77.3,5850,452205.0,157891567.5
09:27:25 AM,77.5,0,0.0,157891567.5
09:27:26 AM,77.6,0,0.0,157891567.5
09:27:26 AM,77.9,2350,183065.0,158074632.5
09:27:27 AM,78.1,0,0.0,158074632.5
09:27:28 AM,77.8,5950,462910.0,158537542.5
09:27:28 AM,77.05,0,0.0,158537542.5
09:27:29 AM,76.45,0,0.0,158537542.5
09:27:30 AM,76.6,22375,1713924.9999999998,160251467.5
09:27:30 AM,76.2,0,0.0,160251467.5
09:27:31 AM,76.2,1525,116205.0,160367672.5
09:27:32 AM,76.8,0,0.0,160367672.5
09:27:33 AM,77.2,225,17370.0,160385042.5
09:27:33 AM,77.15,0,0.0,160385042.5
09:27:34 AM,76.35,0,0.0,160385042.5
09:27:35 AM,76.35,2825,215688.74999999997,160600731.25
09:27:35 AM,76.55,0,0.0,160600731.25
09:27:36 AM,76.75,0,0.0,160600731.25
09:27:36 AM,76.6,1325,101494.99999999999,160702226.25
09:27:37 AM,76.45,0,0.0,160702226.25
09:27:38 AM,76.1,11325,861832.4999999999,161564058.75
09:27:38 AM,76.0,0,0.0,161564058.75
09:27:39 AM,75.95,0,0.0,161564058.75
09:27:40 AM,75.45,11500,867675.0,162431733.75
09:27:40 AM,75.3,0,0.0,162431733.75
09:27:41 AM,74.5,7125,530812.5,162962546.25
09:27:42 AM,74.0,0,0.0,162962546.25
09:27:43 AM,71.8,12050,865190.0,163827736.25
09:27:43 AM,70.85,0,0.0,163827736.25
09:27:44 AM,70.25,0,0.0,163827736.25
09:27:45 AM,70.45,33375,2351268.75,166179005.0
09:27:45 AM,70.9,0,0.0,166179005.0
09:27:46 AM,70.45,5150,362817.5,166541822.5
09:27:46 AM,70.85,0,0.0,166541822.5
09:27:47 AM,72.0,0,0.0,166541822.5
09:27:48 AM,71.9,3475,249852.50000000003,166791675.0
09:27:48 AM,72.75,0,0.0,166791675.0
09:27:49 AM,73.2,0,0.0,166791675.0
09:27:50 AM,73.25,5400,395550.0,167187225.0
09:27:50 AM,72.65,0,0.0,167187225.0
09:27:51 AM,72.7,2550,185385.0,167372610.0
09:27:51 AM,72.85,0,0.0,167372610.0
09:27:52 AM,72.7,0,0.0,167372610.0
09:27:53 AM,73.35,6425,471273.74999999994,167843883.75
09:27:53 AM,72.9,0,0.0,167843883.75
09:27:54 AM,71.6,0,0.0,167843883.75
09:27:55 AM,71.6,9750,698100.0,168541983.75
09:27:55 AM,71.75,0,0.0,168541983.75
09:27:56 AM,72.3,21750,1572525.0,170114508.75
09:27:57 AM,71.55,0,0.0,170114508.75
09:27:58 AM,72.5,8425,610812.5,170725321.25
09:27:58 AM,72.4,0,0.0,170725321.25
09:27:59 AM,72.1,0,0.0,170725321.25
09:28:00 AM,72.5,2450,177625.0,170902946.25
09:28:00 AM,72.3,0,0.0,170902946.25
09:28:01 AM,73.0,0,0.0,170902946.25
09:28:01 AM,73.4,5250,385350.00000000006,171288296.25
09:28:02 AM,73.75,0,0.0,171288296.25
09:28:03 AM,73.45,5675,416828.75,171705125.0
09:28:04 AM,73.3,0,0.0,171705125.0
09:28:05 AM,73.45,2650,194642.5,171899767.5
09:28:05 AM,74.05,0,0.0,171899767.5
09:28:06 AM,73.95,0,0.0,171899767.5
09:28:06 AM,73.7,1575,116077.5,172015845.0
09:28:07 AM,73.35,0,0.0,172015845.0
09:28:08 AM,73.15,4125,301743.75,172317588.75
09:28:09 AM,73.9,0,0.0,172317588.75
09:28:10 AM,73.9,2750,203225.00000000003,172520813.75
09:28:10 AM,73.8,0,0.0,172520813.75
09:28:11 AM,72.8,0,0.0,172520813.75
09:28:11 AM,72.8,3250,236600.0,172757413.75
09:28:12 AM,73.15,0,0.0,172757413.75
09:28:13 AM,72.45,24050,1742422.5,174499836.25
09:28:14 AM,72.85,0,0.0,174499836.25
09:28:15 AM,72.35,6350,459422.49999999994,174959258.75
09:28:15 AM,73.1,0,0.0,174959258.75
09:28:16 AM,73.65,0,0.0,174959258.75
09:28:16 AM,73.95,7825,578658.75,175537917.5
09:28:17 AM,73.65,0,0.0,175537917.5
09:28:18 AM,74.05,4600,340630.0,175878547.5
09:28:19 AM,72.95,0,0.0,175878547.5
09:28:20 AM,73.65,1825,134411.25,176012958.75
09:28:20 AM,74.15,0,0.0,176012958.75
09:28:21 AM,74.05,0,0.0,176012958.75
09:28:21 AM,73.9,800,59120.00000000001,176072078.75
09:28:22 AM,74.4,0,0.0,176072078.75
09:28:23 AM,73.65,8625,635231.25,176707310.0
09:28:23 AM,73.45,0,0.0,176707310.0
09:28:24 AM,73.65,0,0.0,176707310.0
09:28:25 AM,72.95,4175,304566.25,177011876.25
09:28:25 AM,72.65,0,0.0,177011876.25
09:28:26 AM,72.75,3525,256443.75,177268320.0
09:28:27 AM,72.65,0,0.0,177268320.0
09:28:28 AM,73.0,1250,91250.0,177359570.0
09:28:28 AM,72.9,0,0.0,177359570.0
09:28:29 AM,72.4,0,0.0,177359570.0
09:28:30 AM,72.4,850,61540.00000000001,177421110.0
09:28:30 AM,72.75,0,0.0,177421110.0
09:28:31 AM,73.25,0,0.0,177421110.0
09:28:31 AM,73.25,1300,95225.0,177516335.0
09:28:32 AM,73.1,0,0.0,177516335.0
09:28:33 AM,72.95,750,54712.5,177571047.5
09:28:34 AM,73.3,0,0.0,177571047.5
09:28:35 AM,73.3,1050,76965.0,177648012.5
09:28:35 AM,72.15,0,0.0,177648012.5
09:28:36 AM,71.95,0,0.0,177648012.5
09:28:36 AM,71.95,3200,230240.0,177878252.5
09:28:37 AM,72.95,0,0.0,177878252.5
09:28:38 AM,72.55,2800,203140.0,178081392.5
09:28:38 AM,72.45,0,0.0,178081392.5
09:28:39 AM,72.95,0,0.0,178081392.5
09:28:40 AM,73.2,725,53070.0,178134462.5
09:28:40 AM,72.35,0,0.0,178134462.5
09:28:41 AM,71.95,0,0.0,178134462.5
09:28:41 AM,72.15,3450,248917.50000000003,178383380.0
09:28:42 AM,72.3,0,0.0,178383380.0
09:28:43 AM,72.8,1700,123760.0,178507140.0
09:28:44 AM,72.55,0,0.0,178507140.0
09:28:45 AM,72.9,625,45562.5,178552702.5
09:28:45 AM,73.1,0,0.0,178552702.5
09:28:46 AM,73.3,0,0.0,178552702.5
09:28:46 AM,73.3,2200,161260.0,178713962.5
09:28:47 AM,72.9,0,0.0,178713962.5
09:28:48 AM,73.25,1000,73250.0,178787212.5
09:28:48 AM,72.85,0,0.0,178787212.5
09:28:49 AM,73.25,0,0.0,178787212.5
09:28:50 AM,72.8,6275,456820.0,179244032.5
09:28:50 AM,73.15,0,0.0,179244032.5
09:28:51 AM,72.75,0,0.0,179244032.5
09:28:51 AM,72.75,2550,185512.5,179429545.0
09:28:52 AM,72.35,0,0.0,179429545.0
09:28:53 AM,72.35,7025,508258.74999999994,179937803.75
09:28:53 AM,72.2,0,0.0,179937803.75
09:28:54 AM,71.3,0,0.0,179937803.75
09:28:55 AM,70.9,7350,521115.00000000006,180458918.75
09:28:55 AM,71.0,0,0.0,180458918.75
09:28:56 AM,71.6,0,0.0,180458918.75
09:28:56 AM,71.6,3475,248809.99999999997,180707728.75
09:28:57 AM,71.9,0,0.0,180707728.75
09:28:58 AM,71.25,3725,265406.25,180973135.0
09:28:58 AM,71.15,0,0.0,180973135.0
09:28:59 AM,71.65,0,0.0,180973135.0
09:29:00 AM,71.55,6375,456131.25,181429266.25
09:29:00 AM,71.45,0,0.0,181429266.25
09:29:01 AM,72.05,7975,574598.75,182003865.0
09:29:02 AM,72.1,0,0.0,182003865.0
09:29:03 AM,71.05,3300,234465.0,182238330.0
09:29:04 AM,71.7,0,0.0,182238330.0
09:29:05 AM,71.7,4375,313687.5,182552017.5
09:29:05 AM,70.75,0,0.0,182552017.5
09:29:06 AM,70.75,6550,463412.5,183015430.0
09:29:07 AM,70.45,0,0.0,183015430.0
09:29:08 AM,70.0,8925,624750.0,183640180.0
09:29:09 AM,68.4,0,0.0,183640180.0
09:29:10 AM,69.0,16900,1166100.0,184806280.0
09:29:10 AM,68.65,0,0.0,184806280.0
09:29:11 AM,69.1,2550,176205.0,184982485.0
09:29:13 AM,68.95,4475,308551.25,185291036.25
09:29:13 AM,69.0,0,0.0,185291036.25
09:29:14 AM,69.1,0,0.0,185291036.25
09:29:15 AM,69.0,2275,156975.0,185448011.25
09:29:15 AM,68.2,0,0.0,185448011.25
09:29:16 AM,68.65,0,0.0,185448011.25
09:29:16 AM,68.7,9900,680130.0,186128141.25
09:29:17 AM,69.0,0,0.0,186128141.25
09:29:18 AM,68.9,13175,907757.5000000001,187035898.75
09:29:18 AM,68.65,0,0.0,187035898.75
09:29:19 AM,68.25,0,0.0,187035898.75
09:29:20 AM,68.45,2450,167702.5,187203601.25
09:29:20 AM,69.0,0,0.0,187203601.25
09:29:21 AM,69.5,0,0.0,187203601.25
09:29:21 AM,69.35,4925,341548.75,187545150.0
09:29:22 AM,69.45,0,0.0,187545150.0
09:29:23 AM,69.6,2900,201839.99999999997,187746990.0
09:29:23 AM,69.7,0,0.0,187746990.0
09:29:25 AM,69.7,725,50532.5,187797522.5
09:29:25 AM,69.5,0,0.0,187797522.5
09:29:26 AM,69.8,0,0.0,187797522.5
09:29:26 AM,69.8,2250,157050.0,187954572.5
09:29:27 AM,70.2,0,0.0,187954572.5
09:29:28 AM,71.2,9575,681740.0,188636312.5
09:29:28 AM,70.95,0,0.0,188636312.5
09:29:29 AM,71.15,0,0.0,188636312.5
09:29:30 AM,70.5,4100,289050.0,188925362.5
09:29:30 AM,70.65,0,0.0,188925362.5
09:29:31 AM,70.65,1000,70650.0,188996012.5
09:29:32 AM,71.15,0,0.0,188996012.5
09:29:33 AM,70.85,1475,104503.74999999999,189100516.25
09:29:33 AM,70.4,0,0.0,189100516.25
09:29:34 AM,70.7,0,0.0,189100516.25
09:29:35 AM,70.4,2275,160160.0,189260676.25
09:29:35 AM,70.5,0,0.0,189260676.25
09:29:36 AM,70.35,0,0.0,189260676.25
09:29:36 AM,70.3,2500,175750.0,189436426.25
09:29:37 AM,69.95,0,0.0,189436426.25
09:29:38 AM,70.0,4375,306250.0,189742676.25
09:29:39 AM,68.75,0,0.0,189742676.25
09:29:40 AM,68.75,6300,433125.0,190175801.25
09:29:40 AM,68.5,0,0.0,190175801.25
09:29:41 AM,68.55,0,0.0,190175801.25
09:29:41 AM,68.55,12825,879153.75,191054955.0
09:29:42 AM,68.65,0,0.0,191054955.0
09:29:43 AM,69.1,2475,171022.5,191225977.5
09:29:43 AM,69.25,0,0.0,191225977.5
09:29:44 AM,69.0,0,0.0,191225977.5
09:29:45 AM,69.0,3050,210450.0,191436427.5
09:29:45 AM,68.95,0,0.0,191436427.5
09:29:46 AM,69.45,0,0.0,191436427.5
09:29:46 AM,69.15,950,65692.5,191502120.0
09:29:47 AM,68.7,0,0.0,191502120.0
09:29:48 AM,69.1,1150,79465.0,191581585.0
09:29:48 AM,69.05,0,0.0,191581585.0
09:29:49 AM,68.8,0,0.0,191581585.0
09:29:50 AM,68.9,5500,378950.00000000006,191960535.0
09:29:50 AM,69.25,0,0.0,191960535.0
09:29:51 AM,69.3,0,0.0,191960535.0
09:29:51 AM,69.15,3175,219551.25000000003,192180086.25
09:29:52 AM,68.8,0,0.0,192180086.25
09:29:53 AM,68.5,350,23975.0,192204061.25
09:29:53 AM,68.55,0,0.0,192204061.25
09:29:54 AM,68.75,0,0.0,192204061.25
09:29:55 AM,69.25,2400,166200.0,192370261.25
09:29:55 AM,68.35,0,0.0,192370261.25
09:29:56 AM,68.6,0,0.0,192370261.25
09:29:56 AM,68.9,7550,520195.00000000006,192890456.25
09:29:57 AM,69.4,0,0.0,192890456.25
09:29:58 AM,69.2,3475,240470.0,193130926.25
09:29:58 AM,68.95,0,0.0,193130926.25
09:29:59 AM,68.8,0,0.0,193130926.25
09:30:00 AM,69.25,2350,162737.5,193293663.75
09:30:00 AM,69.4,0,0.0,193293663.75
09:30:01 AM,69.6,0,0.0,193293663.75
09:30:01 AM,69.2,3775,261230.0,193554893.75
09:30:02 AM,68.7,0,0.0,193554893.75
09:30:03 AM,69.0,4775,329475.0,193884368.75
09:30:03 AM,69.15,0,0.0,193884368.75
09:30:04 AM,68.4,0,0.0,193884368.75
09:30:05 AM,68.3,1800,122940.0,194007308.75
09:30:05 AM,68.8,0,0.0,194007308.75
09:30:06 AM,69.4,0,0.0,194007308.75
09:30:06 AM,69.4,3850,267190.0,194274498.75
09:30:07 AM,69.35,0,0.0,194274498.75
09:30:08 AM,69.45,5750,399337.5,194673836.25
09:30:08 AM,69.25,0,0.0,194673836.25
09:30:09 AM,69.4,0,0.0,194673836.25
09:30:10 AM,69.4,4400,305360.0,194979196.25
09:30:10 AM,70.1,0,0.0,194979196.25
09:30:11 AM,70.7,0,0.0,194979196.25
09:30:11 AM,71.15,12475,887596.2500000001,195866792.5
09:30:12 AM,71.3,0,0.0,195866792.5
09:30:13 AM,71.5,3625,259187.5,196125980.0
09:30:13 AM,71.4,0,0.0,196125980.0
09:30:14 AM,70.6,0,0.0,196125980.0
09:30:15 AM,70.4,2175,153120.0,196279100.0
09:30:15 AM,70.35,0,0.0,196279100.0
09:30:16 AM,69.9,0,0.0,196279100.0
09:30:16 AM,69.9,2775,193972.50000000003,196473072.5
09:30:17 AM,70.2,0,0.0,196473072.5
09:30:18 AM,69.85,4800,335280.0,196808352.5
09:30:19 AM,69.5,0,0.0,196808352.5
09:30:20 AM,69.85,7650,534352.5,197342705.0
09:30:20 AM,70.4,0,0.0,197342705.0
09:30:21 AM,70.75,0,0.0,197342705.0
09:30:21 AM,70.9,2700,191430.00000000003,197534135.0
09:30:22 AM,70.75,0,0.0,197534135.0
09:30:23 AM,70.45,2050,144422.5,197678557.5
09:30:23 AM,70.3,0,0.0,197678557.5
09:30:24 AM,70.55,0,0.0,197678557.5
09:30:25 AM,70.55,4075,287491.25,197966048.75
09:30:25 AM,70.8,0,0.0,197966048.75
09:30:26 AM,70.8,1750,123900.0,198089948.75
09:30:27 AM,71.4,0,0.0,198089948.75
09:30:28 AM,71.6,6000,429599.99999999994,198519548.75
09:30:28 AM,71.55,0,0.0,198519548.75
09:30:29 AM,71.95,0,0.0,198519548.75
09:30:30 AM,72.4,6300,456120.00000000006,198975668.75
09:30:30 AM,72.25,0,0.0,198975668.75
09:30:31 AM,72.5,0,0.0,198975668.75
09:30:31 AM,72.45,3700,268065.0,199243733.75
09:30:32 AM,72.65,0,0.0,199243733.75
09:30:33 AM,72.15,3300,238095.00000000003,199481828.75
09:30:33 AM,72.05,0,0.0,199481828.75
09:30:34 AM,72.25,0,0.0,199481828.75
09:30:35 AM,71.9,4575,328942.5,199810771.25
09:30:35 AM,71.95,0,0.0,199810771.25
09:30:36 AM,72.25,0,0.0,199810771.25
09:30:36 AM,72.15,2125,153318.75,199964090.0
09:30:37 AM,72.35,0,0.0,199964090.0
09:30:38 AM,71.65,3650,261522.50000000003,200225612.5
09:30:38 AM,71.9,0,0.0,200225612.5
09:30:39 AM,72.0,0,0.0,200225612.5
09:30:40 AM,72.95,2300,167785.0,200393397.5
09:30:40 AM,72.85,0,0.0,200393397.5
09:30:41 AM,72.6,0,0.0,200393397.5
09:30:41 AM,72.85,1800,131130.0,200524527.5
09:30:42 AM,72.8,0,0.0,200524527.5
09:30:43 AM,72.6,2675,194204.99999999997,200718732.5
09:30:43 AM,72.65,0,0.0,200718732.5
09:30:44 AM,72.4,0,0.0,200718732.5
09:30:45 AM,71.9,2525,181547.5,200900280.0
09:30:45 AM,72.25,0,0.0,200900280.0
09:30:46 AM,72.0,0,0.0,200900280.0
09:30:46 AM,72.0,2150,154800.0,201055080.0
09:30:47 AM,72.05,0,0.0,201055080.0
09:30:48 AM,72.65,2300,167095.0,201222175.0
09:30:48 AM,72.7,0,0.0,201222175.0
09:30:49 AM,72.0,0,0.0,201222175.0
09:30:50 AM,72.1,7450,537145.0,201759320.0
09:30:50 AM,71.8,0,0.0,201759320.0
09:30:51 AM,72.05,0,0.0,201759320.0
09:30:51 AM,71.85,2450,176032.5,201935352.5
09:30:52 AM,72.3,0,0.0,201935352.5
09:30:53 AM,72.05,1100,79255.0,202014607.5
09:30:53 AM,72.1,0,0.0,202014607.5
09:30:54 AM,72.45,0,0.0,202014607.5
09:30:55 AM,72.25,1975,142693.75,202157301.25
09:30:55 AM,72.7,0,0.0,202157301.25
09:30:56 AM,72.35,0,0.0,202157301.25
09:30:56 AM,72.3,4175,301852.5,202459153.75
09:30:57 AM,72.9,0,0.0,202459153.75
09:30:58 AM,72.95,5375,392106.25,202851260.0
09:30:58 AM,73.15,0,0.0,202851260.0
09:30:59 AM,72.3,0,0.0,202851260.0
09:31:00 AM,72.55,3000,217650.0,203068910.0
09:31:00 AM,73.1,0,0.0,203068910.0
09:31:01 AM,73.35,0,0.0,203068910.0
09:31:01 AM,73.35,7075,518951.24999999994,203587861.25
09:31:02 AM,73.45,0,0.0,203587861.25
09:31:03 AM,73.9,4200,310380.0,203898241.25
09:31:03 AM,73.7,0,0.0,203898241.25
09:31:04 AM,74.1,0,0.0,203898241.25
09:31:05 AM,74.25,8275,614418.75,204512660.0
09:31:05 AM,74.35,0,0.0,204512660.0
09:31:06 AM,74.5,3300,245850.0,204758510.0
09:31:06 AM,74.65,0,0.0,204758510.0
09:31:08 AM,76.55,0,0.0,204758510.0
09:31:08 AM,77.7,13100,1017870.0,205776380.0
09:31:08 AM,77.5,0,0.0,205776380.0
09:31:09 AM,76.6,0,0.0,205776380.0
09:31:10 AM,76.2,6875,523875.0,206300255.0
09:31:10 AM,76.1,0,0.0,206300255.0
09:31:11 AM,76.0,0,0.0,206300255.0
09:31:11 AM,75.75,2725,206418.75,206506673.75
09:31:12 AM,75.85,0,0.0,206506673.75
09:31:13 AM,76.2,4050,308610.0,206815283.75
09:31:13 AM,76.5,0,0.0,206815283.75
09:31:14 AM,76.05,0,0.0,206815283.75
09:31:15 AM,76.4,2775,212010.00000000003,207027293.75
09:31:15 AM,76.1,0,0.0,207027293.75
09:31:16 AM,76.4,0,0.0,207027293.75
09:31:16 AM,76.55,4150,317682.5,207344976.25
09:31:17 AM,76.6,0,0.0,207344976.25
09:31:18 AM,76.3,7825,597047.5,207942023.75
09:31:18 AM,76.25,0,0.0,207942023.75
09:31:19 AM,76.65,0,0.0,207942023.75
09:31:20 AM,76.75,2125,163093.75,208105117.5
09:31:20 AM,76.9,0,0.0,208105117.5
09:31:21 AM,76.55,5200,398060.0,208503177.5
09:31:21 AM,76.75,0,0.0,208503177.5
09:31:22 AM,76.85,0,0.0,208503177.5
09:31:23 AM,76.75,5500,422125.0,208925302.5
09:31:23 AM,76.4,0,0.0,208925302.5
09:31:24 AM,75.95,0,0.0,208925302.5
09:31:24 AM,76.1,2750,209274.99999999997,209134577.5
09:31:25 AM,75.75,0,0.0,209134577.5
09:31:26 AM,76.2,5275,401955.0,209536532.5
09:31:26 AM,75.9,0,0.0,209536532.5
09:31:27 AM,75.95,0,0.0,209536532.5
09:31:28 AM,76.85,3975,305478.75,209842011.25
09:31:28 AM,77.1,0,0.0,209842011.25
09:31:29 AM,77.65,0,0.0,209842011.25
09:31:29 AM,77.4,5275,408285.00000000006,210250296.25
09:31:30 AM,77.9,0,0.0,210250296.25
09:31:31 AM,78.4,6575,515480.00000000006,210765776.25
09:31:31 AM,78.05,0,0.0,210765776.25
09:31:33 AM,82.5,0,0.0,210765776.25
09:31:33 AM,82.9,31575,2617567.5,213383343.75
09:31:33 AM,83.45,0,0.0,213383343.75
09:31:34 AM,83.7,0,0.0,213383343.75
09:31:34 AM,82.9,20150,1670435.0,215053778.75
09:31:35 AM,82.4,0,0.0,215053778.75
09:31:36 AM,82.0,24225,1986450.0,217040228.75
09:31:36 AM,82.05,0,0.0,217040228.75
09:31:38 AM,79.1,0,0.0,217040228.75
09:31:38 AM,78.5,8900,698650.0,217738878.75
09:31:38 AM,79.9,0,0.0,217738878.75
09:31:39 AM,81.5,0,0.0,217738878.75
09:31:39 AM,82.2,8200,674040.0,218412918.75
09:31:40 AM,82.25,0,0.0,218412918.75
09:31:41 AM,82.6,0,0.0,218412918.75
09:31:41 AM,82.55,7125,588168.75,219001087.5
09:31:42 AM,82.0,0,0.0,219001087.5
09:31:43 AM,81.85,5775,472683.74999999994,219473771.25
09:31:43 AM,81.0,0,0.0,219473771.25
09:31:44 AM,80.4,7325,588930.0,220062701.25
09:31:45 AM,80.15,0,0.0,220062701.25
09:31:46 AM,80.6,12050,971229.9999999999,221033931.25
09:31:47 AM,81.35,0,0.0,221033931.25
09:31:48 AM,81.65,5950,485817.50000000006,221519748.75
09:31:48 AM,82.05,0,0.0,221519748.75
09:31:50 AM,82.1,4900,402290.0,221922038.75
09:31:50 AM,82.2,0,0.0,221922038.75
09:31:50 AM,82.0,0,0.0,221922038.75
09:31:51 AM,81.7,0,0.0,221922038.75
09:31:51 AM,81.5,5800,472700.0,222394738.75
09:31:52 AM,81.8,0,0.0,222394738.75
09:31:53 AM,82.25,8925,734081.25,223128820.0
09:31:53 AM,82.5,0,0.0,223128820.0
09:31:54 AM,81.75,0,0.0,223128820.0
09:31:55 AM,81.95,7375,604381.25,223733201.25
09:31:56 AM,81.3,0,0.0,223733201.25
09:31:56 AM,81.8,0,0.0,223733201.25
09:31:56 AM,82.15,8475,696221.25,224429422.5
09:31:57 AM,81.5,0,0.0,224429422.5
09:31:58 AM,80.9,2450,198205.0,224627627.5
09:31:58 AM,80.95,0,0.0,224627627.5
09:31:59 AM,80.3,0,0.0,224627627.5
09:32:00 AM,80.1,6700,536670.0,225164297.5
09:32:00 AM,80.7,0,0.0,225164297.5
09:32:01 AM,80.2,5950,477190.0,225641487.5
09:32:02 AM,81.0,0,0.0,225641487.5
09:32:03 AM,82.0,4625,379250.0,226020737.5
09:32:03 AM,81.8,0,0.0,226020737.5
09:32:05 AM,82.35,5625,463218.74999999994,226483956.25
09:32:05 AM,82.55,0,0.0,226483956.25
09:32:05 AM,82.9,0,0.0,226483956.25
09:32:06 AM,83.4,0,0.0,226483956.25
09:32:06 AM,83.25,23800,1981350.0,228465306.25
09:32:07 AM,83.15,0,0.0,228465306.25
09:32:08 AM,82.4,2950,243080.00000000003,228708386.25
09:32:08 AM,81.95,0,0.0,228708386.25
09:32:09 AM,82.2,0,0.0,228708386.25
09:32:10 AM,82.3,4650,382695.0,229091081.25
09:32:10 AM,81.35,0,0.0,229091081.25
09:32:11 AM,80.55,3700,298035.0,229389116.25
09:32:11 AM,80.5,0,0.0,229389116.25
09:32:12 AM,80.7,0,0.0,229389116.25
09:32:13 AM,80.7,2325,187627.5,229576743.75
09:32:13 AM,80.25,0,0.0,229576743.75
09:32:14 AM,81.0,0,0.0,229576743.75
09:32:15 AM,81.35,4725,384378.75,229961122.5
09:32:15 AM,81.4,0,0.0,229961122.5
09:32:16 AM,83.0,16475,1367425.0,231328547.5
09:32:16 AM,83.65,0,0.0,231328547.5
09:32:17 AM,83.7,0,0.0,231328547.5
09:32:18 AM,84.0,14200,1192800.0,232521347.5
09:32:19 AM,83.95,0,0.0,232521347.5
09:32:20 AM,84.5,6800,574600.0,233095947.5
09:32:20 AM,83.6,0,0.0,233095947.5
09:32:21 AM,82.9,6400,530560.0,233626507.5
09:32:22 AM,82.95,0,0.0,233626507.5
09:32:23 AM,83.0,4750,394250.0,234020757.5
09:32:23 AM,83.3,0,0.0,234020757.5
09:32:24 AM,82.8,0,0.0,234020757.5
09:32:24 AM,82.65,4700,388455.0,234409212.5
09:32:25 AM,82.35,0,0.0,234409212.5
09:32:26 AM,81.75,3350,273862.5,234683075.0
09:32:26 AM,81.6,0,0.0,234683075.0
09:32:27 AM,81.85,0,0.0,234683075.0
09:32:28 AM,81.6,4075,332520.0,235015595.0
09:32:28 AM,82.3,0,0.0,235015595.0
09:32:29 AM,82.1,3925,322242.5,235337837.5
09:32:29 AM,82.0,0,0.0,235337837.5
09:32:30 AM,82.7,0,0.0,235337837.5
09:32:31 AM,82.4,3075,253380.00000000003,235591217.5
09:32:32 AM,82.6,0,0.0,235591217.5
09:32:33 AM,82.55,1150,94932.5,235686150.0
09:32:33 AM,82.15,0,0.0,235686150.0
09:32:34 AM,81.35,0,0.0,235686150.0
09:32:34 AM,81.7,1900,155230.0,235841380.0
09:32:36 AM,80.8,0,0.0,235841380.0
09:32:36 AM,80.9,4375,353937.5,236195317.5
09:32:37 AM,81.0,0,0.0,236195317.5
09:32:38 AM,81.75,1700,138975.0,236334292.5
09:32:38 AM,81.8,0,0.0,236334292.5
09:32:39 AM,81.6,0,0.0,236334292.5
09:32:39 AM,81.65,1900,155135.0,236489427.5
09:32:40 AM,81.05,0,0.0,236489427.5
09:32:41 AM,80.65,2325,187511.25,236676938.75
09:32:42 AM,81.0,0,0.0,236676938.75
09:32:43 AM,79.7,5400,430380.0,237107318.75
09:32:43 AM,79.8,0,0.0,237107318.75
09:32:44 AM,79.1,3450,272895.0,237380213.75
09:32:45 AM,79.15,0,0.0,237380213.75
09:32:45 AM,79.25,0,0.0,237380213.75
09:32:46 AM,79.1,5175,409342.49999999994,237789556.25
09:32:47 AM,79.0,0,0.0,237789556.25
09:32:48 AM,79.6,1825,145270.0,237934826.25
09:32:48 AM,79.05,0,0.0,237934826.25
09:32:49 AM,79.15,0,0.0,237934826.25
09:32:49 AM,79.4,2825,224305.00000000003,238159131.25
09:32:50 AM,78.25,0,0.0,238159131.25
09:32:51 AM,77.55,4775,370301.25,238529432.5
09:32:51 AM,77.65,0,0.0,238529432.5
09:32:52 AM,77.5,0,0.0,238529432.5
09:32:53 AM,77.9,3925,305757.5,238835190.0
09:32:53 AM,77.65,0,0.0,238835190.0
09:32:54 AM,78.0,0,0.0,238835190.0
09:32:54 AM,78.05,7475,583423.75,239418613.75
09:32:55 AM,78.3,0,0.0,239418613.75
09:32:56 AM,78.95,2525,199348.75,239617962.5
09:32:56 AM,78.8,0,0.0,239617962.5
09:32:57 AM,79.15,0,0.0,239617962.5
09:32:58 AM,79.35,1575,124976.24999999999,239742938.75
09:32:58 AM,79.65,0,0.0,239742938.75
09:32:59 AM,78.35,0,0.0,239742938.75
09:32:59 AM,78.0,600,46800.0,239789738.75
09:33:00 AM,78.95,0,0.0,239789738.75
09:33:01 AM,78.3,1175,92002.5,239881741.25
09:33:01 AM,77.6,0,0.0,239881741.25
09:33:02 AM,77.9,0,0.0,239881741.25
09:33:03 AM,77.9,1375,107112.50000000001,239988853.75
09:33:03 AM,76.7,0,0.0,239988853.75
09:33:04 AM,74.8,0,0.0,239988853.75
09:33:04 AM,75.1,13600,1021359.9999999999,241010213.75
09:33:05 AM,74.8,0,0.0,241010213.75
09:33:06 AM,74.65,3925,293001.25,241303215.0
09:33:06 AM,74.75,0,0.0,241303215.0
09:33:07 AM,74.6,0,0.0,241303215.0
09:33:08 AM,74.15,10250,760037.5000000001,242063252.5
09:33:08 AM,73.9,0,0.0,242063252.5
09:33:09 AM,74.85,0,0.0,242063252.5
09:33:09 AM,74.9,31925,2391182.5,244454435.0
09:33:10 AM,75.15,0,0.0,244454435.0
09:33:11 AM,75.2,4800,360960.0,244815395.0
09:33:11 AM,75.1,0,0.0,244815395.0
09:33:12 AM,74.8,0,0.0,244815395.0
09:33:13 AM,75.2,4425,332760.0,245148155.0
09:33:14 AM,74.15,0,0.0,245148155.0
09:33:14 AM,74.35,1425,105948.74999999999,245254103.75
09:33:15 AM,75.0,0,0.0,245254103.75
09:33:16 AM,75.75,3025,229143.75,245483247.5
09:33:16 AM,75.55,0,0.0,245483247.5
09:33:17 AM,76.15,0,0.0,245483247.5
09:33:18 AM,76.35,925,70623.75,245553871.25
09:33:18 AM,76.75,0,0.0,245553871.25
09:33:19 AM,77.8,0,0.0,245553871.25
09:33:19 AM,77.8,2850,221730.0,245775601.25
09:33:20 AM,77.95,0,0.0,245775601.25
09:33:21 AM,78.6,3950,310470.0,246086071.25
09:33:21 AM,78.95,0,0.0,246086071.25
09:33:22 AM,78.5,0,0.0,246086071.25
09:33:23 AM,78.15,0,0.0,246086071.25
09:33:24 AM,78.25,0,0.0,246086071.25
09:33:24 AM,78.25,22025,1723456.25,247809527.5
09:33:25 AM,76.95,0,0.0,247809527.5
09:33:26 AM,77.15,4075,314386.25,248123913.75
09:33:26 AM,77.2,0,0.0,248123913.75
09:33:27 AM,77.6,0,0.0,248123913.75
09:33:28 AM,77.6,425,32980.0,248156893.75
09:33:28 AM,77.0,0,0.0,248156893.75
09:33:29 AM,78.0,0,0.0,248156893.75
09:33:29 AM,78.2,3650,285430.0,248442323.75
09:33:30 AM,78.3,0,0.0,248442323.75
09:33:31 AM,78.65,4400,346060.0,248788383.75
09:33:31 AM,78.25,0,0.0,248788383.75
09:33:32 AM,77.35,0,0.0,248788383.75
09:33:33 AM,76.9,2375,182637.5,248971021.25
09:33:33 AM,76.55,0,0.0,248971021.25
09:33:34 AM,76.5,0,0.0,248971021.25
09:33:34 AM,76.75,2725,209143.75,249180165.0
09:33:35 AM,76.9,0,0.0,249180165.0
09:33:36 AM,76.6,975,74685.0,249254850.0
09:33:36 AM,76.5,0,0.0,249254850.0
09:33:37 AM,77.25,0,0.0,249254850.0
09:33:38 AM,77.1,2350,181185.0,249436035.0
09:33:38 AM,77.2,0,0.0,249436035.0
09:33:39 AM,77.6,0,0.0,249436035.0
09:33:39 AM,77.2,6250,482500.0,249918535.0
09:33:40 AM,77.45,0,0.0,249918535.0
09:33:41 AM,77.4,700,54180.00000000001,249972715.0
09:33:41 AM,77.25,0,0.0,249972715.0
09:33:42 AM,77.8,0,0.0,249972715.0
09:33:43 AM,78.0,1325,103350.0,250076065.0
09:33:43 AM,78.25,0,0.0,250076065.0
09:33:44 AM,78.7,0,0.0,250076065.0
09:33:44 AM,79.0,4650,367350.0,250443415.0
09:33:45 AM,78.65,0,0.0,250443415.0
09:33:46 AM,78.8,2925,230490.0,250673905.0
09:33:46 AM,78.55,0,0.0,250673905.0
09:33:47 AM,79.2,0,0.0,250673905.0
09:33:48 AM,79.0,1525,120475.0,250794380.0
09:33:48 AM,79.2,0,0.0,250794380.0
09:33:49 AM,78.75,0,0.0,250794380.0
09:33:49 AM,79.0,1325,104675.0,250899055.0
09:33:50 AM,78.15,0,0.0,250899055.0
09:33:51 AM,78.65,2950,232017.50000000003,251131072.5
09:33:51 AM,78.45,0,0.0,251131072.5
09:33:52 AM,78.05,0,0.0,251131072.5
09:33:53 AM,78.25,1000,78250.0,251209322.5
09:33:53 AM,78.0,0,0.0,251209322.5
09:33:54 AM,77.6,0,0.0,251209322.5
09:33:54 AM,77.6,2900,225039.99999999997,251434362.5
09:33:55 AM,77.95,0,0.0,251434362.5
09:33:56 AM,78.1,2725,212822.49999999997,251647185.0
09:33:57 AM,78.7,0,0.0,251647185.0
09:33:58 AM,78.7,4575,360052.5,252007237.5
09:33:58 AM,79.2,0,0.0,252007237.5
09:33:59 AM,79.65,0,0.0,252007237.5
09:33:59 AM,79.45,2200,174790.0,252182027.5
09:34:00 AM,79.0,0,0.0,252182027.5
09:34:01 AM,80.0,3625,290000.0,252472027.5
09:34:01 AM,80.15,0,0.0,252472027.5
09:34:02 AM,80.7,0,0.0,252472027.5
09:34:03 AM,80.35,2150,172752.5,252644780.0
09:34:03 AM,80.25,0,0.0,252644780.0
09:34:04 AM,81.25,0,0.0,252644780.0
09:34:04 AM,81.4,5125,417175.00000000006,253061955.0
09:34:05 AM,81.7,0,0.0,253061955.0
09:34:06 AM,81.55,6000,489300.0,253551255.0
09:34:06 AM,81.25,0,0.0,253551255.0
09:34:07 AM,80.9,0,0.0,253551255.0
09:34:08 AM,80.2,2950,236590.0,253787845.0
09:34:09 AM,80.55,0,0.0,253787845.0
09:34:10 AM,80.2,5600,449120.0,254236965.0
09:34:10 AM,79.8,0,0.0,254236965.0
09:34:11 AM,79.0,4175,329825.0,254566790.0
09:34:12 AM,79.55,0,0.0,254566790.0
09:34:13 AM,79.85,3725,297441.25,254864231.25
09:34:13 AM,80.4,0,0.0,254864231.25
09:34:14 AM,80.6,0,0.0,254864231.25
09:34:15 AM,81.0,1350,109350.0,254973581.25
09:34:15 AM,81.35,0,0.0,254973581.25
09:34:16 AM,81.3,4800,390240.0,255363821.25
09:34:16 AM,81.05,0,0.0,255363821.25
09:34:17 AM,81.1,0,0.0,255363821.25
09:34:18 AM,81.0,1975,159975.0,255523796.25
09:34:18 AM,80.9,0,0.0,255523796.25
09:34:19 AM,80.85,0,0.0,255523796.25
09:34:20 AM,80.55,7975,642386.25,256166182.5
09:34:20 AM,80.35,0,0.0,256166182.5
09:34:21 AM,80.55,1400,112770.0,256278952.5
09:34:21 AM,80.35,0,0.0,256278952.5
09:34:22 AM,80.15,0,0.0,256278952.5
09:34:23 AM,79.95,4625,369768.75,256648721.25
09:34:23 AM,79.85,0,0.0,256648721.25
09:34:24 AM,80.85,0,0.0,256648721.25
09:34:24 AM,81.1,6850,555535.0,257204256.25
09:34:25 AM,80.4,0,0.0,257204256.25
09:34:26 AM,80.75,3225,260418.75,257464675.0
09:34:26 AM,80.85,0,0.0,257464675.0
09:34:27 AM,80.45,0,0.0,257464675.0
09:34:28 AM,80.4,2700,217080.00000000003,257681755.0
09:34:28 AM,80.75,0,0.0,257681755.0
09:34:29 AM,80.4,0,0.0,257681755.0
09:34:29 AM,80.9,3200,258880.00000000003,257940635.0
09:34:30 AM,81.0,0,0.0,257940635.0
09:34:31 AM,81.0,3275,265275.0,258205910.0
09:34:31 AM,81.15,0,0.0,258205910.0
09:34:32 AM,80.8,0,0.0,258205910.0
09:34:33 AM,80.8,925,74740.0,258280650.0
09:34:33 AM,80.25,0,0.0,258280650.0
09:34:34 AM,81.35,0,0.0,258280650.0
09:34:34 AM,81.35,3125,254218.74999999997,258534868.75
09:34:35 AM,81.45,0,0.0,258534868.75
09:34:36 AM,82.3,11675,960852.5,259495721.25
09:34:36 AM,82.25,0,0.0,259495721.25
09:34:37 AM,84.3,0,0.0,259495721.25
09:34:38 AM,84.5,29925,2528662.5,262024383.75
09:34:38 AM,84.4,0,0.0,262024383.75
09:34:39 AM,83.6,7025,587290.0,262611673.75
09:34:39 AM,83.9,0,0.0,262611673.75
09:34:40 AM,83.1,0,0.0,262611673.75
09:34:41 AM,82.6,8825,728945.0,263340618.75
09:34:41 AM,82.9,0,0.0,263340618.75
09:34:42 AM,82.35,0,0.0,263340618.75
09:34:43 AM,82.55,6075,501491.25,263842110.0
09:34:43 AM,83.0,0,0.0,263842110.0
09:34:44 AM,82.75,1750,144812.5,263986922.5
09:34:44 AM,81.95,0,0.0,263986922.5
09:34:45 AM,82.65,0,0.0,263986922.5
09:34:46 AM,83.0,5350,444050.0,264430972.5
09:34:46 AM,83.05,0,0.0,264430972.5
09:34:47 AM,82.9,0,0.0,264430972.5
09:34:47 AM,82.45,3600,296820.0,264727792.5
09:34:48 AM,82.2,0,0.0,264727792.5
09:34:49 AM,82.35,3850,317047.5,265044840.0
09:34:49 AM,81.7,0,0.0,265044840.0
09:34:50 AM,81.8,0,0.0,265044840.0
09:34:51 AM,82.05,1625,133331.25,265178171.25
09:34:51 AM,82.4,0,0.0,265178171.25
09:34:52 AM,82.75,0,0.0,265178171.25
09:34:52 AM,82.75,4100,339275.0,265517446.25
09:34:53 AM,82.65,0,0.0,265517446.25
09:34:54 AM,83.3,2275,189507.5,265706953.75
09:34:54 AM,83.55,0,0.0,265706953.75
09:34:55 AM,82.65,0,0.0,265706953.75
09:34:56 AM,82.4,2325,191580.0,265898533.75
09:34:56 AM,82.65,0,0.0,265898533.75
09:34:57 AM,83.0,1300,107900.0,266006433.75
09:34:58 AM,82.7,0,0.0,266006433.75
09:34:59 AM,82.65,1175,97113.75,266103547.5
09:34:59 AM,83.3,0,0.0,266103547.5
09:35:00 AM,83.7,0,0.0,266103547.5
09:35:01 AM,83.95,2375,199381.25,266302928.75
09:35:01 AM,83.3,0,0.0,266302928.75
09:35:02 AM,82.75,4275,353756.25,266656685.0
09:35:02 AM,83.0,0,0.0,266656685.0
09:35:03 AM,82.5,0,0.0,266656685.0
09:35:04 AM,83.05,3825,317666.25,266974351.25
09:35:04 AM,82.7,0,0.0,266974351.25
09:35:05 AM,82.9,0,0.0,266974351.25
09:35:06 AM,82.9,11150,924335.0000000001,267898686.25
09:35:06 AM,82.35,0,0.0,267898686.25
09:35:07 AM,83.3,4300,358190.0,268256876.25
09:35:07 AM,83.25,0,0.0,268256876.25
09:35:08 AM,82.5,0,0.0,268256876.25
09:35:09 AM,82.4,2725,224540.00000000003,268481416.25
09:35:09 AM,82.45,0,0.0,268481416.25
09:35:10 AM,83.1,0,0.0,268481416.25
09:35:11 AM,82.85,2650,219552.49999999997,268700968.75
09:35:11 AM,83.8,0,0.0,268700968.75
09:35:12 AM,84.0,6625,556500.0,269257468.75
09:35:12 AM,83.8,0,0.0,269257468.75
09:35:13 AM,88.1,0,0.0,269257468.75
09:35:14 AM,87.55,35925,3145233.75,272402702.5
09:35:14 AM,88.45,0,0.0,272402702.5
09:35:15 AM,88.0,0,0.0,272402702.5
09:35:15 AM,87.6,10675,935129.9999999999,273337832.5
09:35:16 AM,86.95,0,0.0,273337832.5
09:35:17 AM,86.6,12075,1045694.9999999999,274383527.5
09:35:17 AM,86.9,0,0.0,274383527.5
09:35:18 AM,86.5,0,0.0,274383527.5
09:35:19 AM,86.0,10750,924500.0,275308027.5
09:35:19 AM,87.15,0,0.0,275308027.5
09:35:20 AM,87.15,3075,267986.25,275576013.75
09:35:21 AM,87.05,0,0.0,275576013.75
09:35:21 AM,87.45,0,0.0,275576013.75
09:35:22 AM,86.85,3400,295290.0,275871303.75
09:35:22 AM,86.9,0,0.0,275871303.75
09:35:23 AM,86.35,4325,373463.75,276244767.5
09:35:23 AM,86.3,0,0.0,276244767.5
09:35:24 AM,86.7,0,0.0,276244767.5
09:35:25 AM,86.2,6350,547370.0,276792137.5
09:35:25 AM,86.15,0,0.0,276792137.5
09:35:26 AM,86.2,0,0.0,276792137.5
09:35:27 AM,86.1,3675,316417.5,277108555.0
09:35:27 AM,86.5,0,0.0,277108555.0
09:35:28 AM,86.7,1375,119212.5,277227767.5
09:35:28 AM,86.65,0,0.0,277227767.5
09:35:29 AM,87.4,0,0.0,277227767.5
09:35:30 AM,87.5,2100,183750.0,277411517.5
09:35:30 AM,87.15,0,0.0,277411517.5
09:35:31 AM,86.35,0,0.0,277411517.5
09:35:32 AM,86.25,5825,502406.25,277913923.75
09:35:32 AM,86.1,0,0.0,277913923.75
09:35:33 AM,85.45,8525,728461.25,278642385.0
09:35:33 AM,86.15,0,0.0,278642385.0
09:35:34 AM,84.5,0,0.0,278642385.0
09:35:35 AM,84.9,4675,396907.5,279039292.5
09:35:35 AM,84.95,0,0.0,279039292.5
09:35:36 AM,85.25,0,0.0,279039292.5
09:35:36 AM,84.95,5475,465101.25,279504393.75
09:35:37 AM,85.5,0,0.0,279504393.75
09:35:38 AM,84.6,6800,575280.0,280079673.75
09:35:38 AM,84.25,0,0.0,280079673.75
09:35:39 AM,83.25,0,0.0,280079673.75
09:35:40 AM,83.15,8100,673515.0,280753188.75
09:35:40 AM,82.65,0,0.0,280753188.75
09:35:41 AM,83.7,0,0.0,280753188.75
09:35:41 AM,83.7,2775,232267.5,280985456.25
09:35:42 AM,83.5,0,0.0,280985456.25
09:35:43 AM,82.6,2075,171395.0,281156851.25
09:35:43 AM,82.7,0,0.0,281156851.25
09:35:44 AM,82.2,0,0.0,281156851.25
09:35:45 AM,82.0,5800,475600.0,281632451.25
09:35:46 AM,82.45,0,0.0,281632451.25
09:35:46 AM,82.05,0,0.0,281632451.25
09:35:46 AM,81.85,2525,206671.25,281839122.5
09:35:47 AM,82.1,0,0.0,281839122.5
09:35:48 AM,82.4,1450,119480.00000000001,281958602.5
09:35:49 AM,82.05,0,0.0,281958602.5
09:35:49 AM,81.6,0,0.0,281958602.5
09:35:50 AM,81.3,8725,709342.5,282667945.0
09:35:51 AM,81.75,0,0.0,282667945.0
09:35:51 AM,81.95,0,0.0,282667945.0
09:35:51 AM,81.45,3450,281002.5,282948947.5
09:35:53 AM,81.15,4200,340830.0,283289777.5
09:35:53 AM,81.3,0,0.0,283289777.5
09:35:55 AM,81.7,0,0.0,283289777.5
09:35:55 AM,81.85,2650,216902.49999999997,283506680.0
09:35:55 AM,82.15,0,0.0,283506680.0
09:35:56 AM,82.55,0,0.0,283506680.0
09:35:56 AM,82.25,6675,549018.75,284055698.75
09:35:58 AM,82.35,0,0.0,284055698.75
09:35:58 AM,82.1,1600,131360.0,284187058.75
09:35:58 AM,82.25,0,0.0,284187058.75
09:35:59 AM,82.05,0,0.0,284187058.75
09:36:00 AM,81.75,2400,196200.0,284383258.75
09:36:01 AM,81.45,0,0.0,284383258.75
09:36:01 AM,80.25,0,0.0,284383258.75
09:36:01 AM,80.5,19675,1583837.5,285967096.25
09:36:03 AM,80.9,0,0.0,285967096.25
09:36:03 AM,80.35,1850,148647.5,286115743.75
09:36:03 AM,80.45,0,0.0,286115743.75
09:36:04 AM,79.7,0,0.0,286115743.75
09:36:05 AM,79.9,5875,469412.50000000006,286585156.25
09:36:05 AM,80.75,0,0.0,286585156.25
09:36:06 AM,80.7,31725,2560207.5,289145363.75
09:36:08 AM,80.25,0,0.0,289145363.75
09:36:08 AM,80.15,7300,585095.0,289730458.75
09:36:09 AM,80.3,0,0.0,289730458.75
09:36:10 AM,80.05,5075,406253.75,290136712.5
09:36:10 AM,80.75,0,0.0,290136712.5
09:36:11 AM,80.5,2125,171062.5,290307775.0
09:36:13 AM,80.7,0,0.0,290307775.0
09:36:13 AM,80.4,2500,201000.0,290508775.0
09:36:13 AM,79.9,0,0.0,290508775.0
09:36:14 AM,79.95,0,0.0,290508775.0
09:36:15 AM,80.8,1775,143420.0,290652195.0
09:36:16 AM,81.25,0,0.0,290652195.0
09:36:16 AM,81.5,775,63162.5,290715357.5
09:36:18 AM,80.8,0,0.0,290715357.5
09:36:18 AM,80.8,825,66660.0,290782017.5
09:36:18 AM,81.1,0,0.0,290782017.5
09:36:19 AM,81.35,0,0.0,290782017.5
09:36:20 AM,80.45,2775,223248.75,291005266.25
09:36:21 AM,80.0,0,0.0,291005266.25
09:36:21 AM,79.8,2825,225435.0,291230701.25
09:36:22 AM,79.15,0,0.0,291230701.25
09:36:23 AM,79.4,4250,337450.0,291568151.25
09:36:23 AM,79.15,0,0.0,291568151.25
09:36:24 AM,78.45,0,0.0,291568151.25
09:36:25 AM,78.6,5300,416579.99999999994,291984731.25
09:36:26 AM,78.9,0,0.0,291984731.25
09:36:26 AM,79.35,725,57528.74999999999,292042260.0
09:36:27 AM,80.35,0,0.0,292042260.0
09:36:28 AM,80.4,5000,402000.0,292444260.0
09:36:29 AM,80.0,0,0.0,292444260.0
09:36:29 AM,80.55,0,0.0,292444260.0
09:36:30 AM,80.8,2425,195940.0,292640200.0
09:36:30 AM,80.7,0,0.0,292640200.0
09:36:31 AM,81.05,625,50656.25,292690856.25
09:36:32 AM,81.4,0,0.0,292690856.25
09:36:33 AM,81.8,900,73620.0,292764476.25
09:36:34 AM,82.25,0,0.0,292764476.25
09:36:34 AM,83.15,0,0.0,292764476.25
09:36:35 AM,83.35,11775,981446.2499999999,293745922.5
09:36:35 AM,84.15,0,0.0,293745922.5
09:36:36 AM,84.75,7125,603843.75,294349766.25
09:36:37 AM,85.65,0,0.0,294349766.25
09:36:38 AM,85.5,5500,470250.0,294820016.25
09:36:38 AM,85.4,0,0.0,294820016.25
09:36:39 AM,85.15,0,0.0,294820016.25
09:36:40 AM,85.4,3600,307440.0,295127456.25
09:36:41 AM,84.8,0,0.0,295127456.25
09:36:41 AM,84.85,0,0.0,295127456.25
09:36:41 AM,84.85,1625,137881.25,295265337.5
09:36:42 AM,84.75,0,0.0,295265337.5
09:36:43 AM,84.3,5175,436252.5,295701590.0
09:36:44 AM,84.0,0,0.0,295701590.0
09:36:44 AM,84.1,0,0.0,295701590.0
09:36:45 AM,83.85,2650,222202.49999999997,295923792.5
09:36:45 AM,83.7,0,0.0,295923792.5
09:36:46 AM,83.85,2900,243164.99999999997,296166957.5
09:36:47 AM,83.9,0,0.0,296166957.5
09:36:47 AM,84.6,0,0.0,296166957.5
09:36:48 AM,84.3,2250,189675.0,296356632.5
09:36:48 AM,84.65,0,0.0,296356632.5
09:36:49 AM,84.45,0,0.0,296356632.5
09:36:50 AM,84.85,2275,193033.75,296549666.25
09:36:51 AM,84.05,0,0.0,296549666.25
09:36:51 AM,84.65,0,0.0,296549666.25
09:36:51 AM,84.65,1725,146021.25,296695687.5
09:36:52 AM,84.5,0,0.0,296695687.5
09:36:53 AM,84.25,1550,130587.5,296826275.0
09:36:53 AM,84.4,0,0.0,296826275.0
09:36:54 AM,84.55,0,0.0,296826275.0
09:36:55 AM,84.9,2275,193147.5,297019422.5
09:36:55 AM,84.5,0,0.0,297019422.5
09:36:56 AM,85.0,4175,354875.0,297374297.5
09:36:57 AM,84.85,0,0.0,297374297.5
09:36:57 AM,85.4,0,0.0,297374297.5
09:36:58 AM,85.35,2125,181368.75,297555666.25
09:36:58 AM,85.0,0,0.0,297555666.25
09:36:59 AM,85.85,0,0.0,297555666.25
09:37:00 AM,87.55,11550,1011202.5,298566868.75
09:37:00 AM,87.25,0,0.0,298566868.75
09:37:01 AM,87.0,0,0.0,298566868.75
09:37:01 AM,87.05,5150,448307.5,299015176.25
09:37:02 AM,87.15,0,0.0,299015176.25
09:37:03 AM,87.1,4450,387595.0,299402771.25
09:37:03 AM,86.9,0,0.0,299402771.25
09:37:04 AM,86.55,0,0.0,299402771.25
09:37:05 AM,86.5,3700,320050.0,299722821.25
09:37:05 AM,86.3,0,0.0,299722821.25
09:37:06 AM,87.75,29775,2612756.25,302335577.5
09:37:07 AM,87.45,0,0.0,302335577.5
09:37:08 AM,87.95,0,0.0,302335577.5
09:37:08 AM,88.0,3225,283800.0,302619377.5
09:37:08 AM,89.1,0,0.0,302619377.5
09:37:09 AM,89.5,0,0.0,302619377.5
09:37:10 AM,89.6,11175,1001279.9999999999,303620657.5
09:37:10 AM,89.65,0,0.0,303620657.5
09:37:11 AM,88.45,24150,2136067.5,305756725.0
09:37:12 AM,88.5,0,0.0,305756725.0
09:37:13 AM,89.25,0,0.0,305756725.0
09:37:13 AM,89.65,9275,831503.75,306588228.75
09:37:14 AM,89.9,0,0.0,306588228.75
09:37:15 AM,89.8,0,0.0,306588228.75
09:37:15 AM,90.45,8550,773347.5,307361576.25
09:37:16 AM,90.3,0,0.0,307361576.25
09:37:16 AM,90.55,0,0.0,307361576.25
09:37:16 AM,90.55,17600,1593680.0,308955256.25
09:37:17 AM,90.0,0,0.0,308955256.25
09:37:18 AM,90.0,12075,1086750.0,310042006.25
09:37:18 AM,89.55,0,0.0,310042006.25
09:37:19 AM,89.25,0,0.0,310042006.25
09:37:20 AM,87.5,13900,1216250.0,311258256.25
09:37:21 AM,88.0,0,0.0,311258256.25
09:37:21 AM,87.3,13750,1200375.0,312458631.25
09:37:23 AM,87.75,0,0.0,312458631.25
09:37:23 AM,88.3,11425,1008827.5,313467458.75
09:37:24 AM,88.7,0,0.0,313467458.75
09:37:25 AM,89.3,0,0.0,313467458.75
09:37:25 AM,89.8,12725,1142705.0,314610163.75
09:37:25 AM,89.45,0,0.0,314610163.75
09:37:26 AM,89.6,0,0.0,314610163.75
09:37:26 AM,89.6,5475,490559.99999999994,315100723.75
09:37:28 AM,90.0,5650,508500.0,315609223.75
09:37:28 AM,89.75,0,0.0,315609223.75
09:37:29 AM,90.15,0,0.0,315609223.75
09:37:30 AM,90.85,8500,772225.0,316381448.75
09:37:31 AM,91.35,0,0.0,316381448.75
09:37:31 AM,93.45,0,0.0,316381448.75
09:37:31 AM,93.45,22500,2102625.0,318484073.75
09:37:32 AM,94.35,0,0.0,318484073.75
09:37:33 AM,93.85,17950,1684607.5,320168681.25
09:37:33 AM,93.1,0,0.0,320168681.25
09:37:35 AM,91.35,0,0.0,320168681.25
09:37:35 AM,91.35,12450,1137307.5,321305988.75
09:37:36 AM,91.65,0,0.0,321305988.75
09:37:36 AM,91.4,0,0.0,321305988.75
09:37:36 AM,91.6,26525,2429690.0,323735678.75
09:37:37 AM,91.65,0,0.0,323735678.75
09:37:38 AM,92.1,12100,1114410.0,324850088.75
09:37:38 AM,92.15,0,0.0,324850088.75
09:37:39 AM,91.45,0,0.0,324850088.75
09:37:40 AM,91.4,5950,543830.0,325393918.75
09:37:40 AM,92.35,0,0.0,325393918.75
09:37:41 AM,92.65,0,0.0,325393918.75
09:37:41 AM,92.65,3375,312693.75,325706612.5
09:37:42 AM,91.65,0,0.0,325706612.5
09:37:43 AM,92.1,9675,891067.5,326597680.0
09:37:44 AM,92.65,0,0.0,326597680.0
09:37:45 AM,93.25,10800,1007100.0,327604780.0
09:37:46 AM,93.2,0,0.0,327604780.0
09:37:46 AM,93.15,3450,321367.5,327926147.5
09:37:47 AM,93.35,0,0.0,327926147.5
09:37:48 AM,94.0,0,0.0,327926147.5
09:37:48 AM,94.5,7325,692212.5,328618360.0
09:37:49 AM,94.2,0,0.0,328618360.0
09:37:49 AM,94.7,0,0.0,328618360.0
09:37:50 AM,94.35,13975,1318541.25,329936901.25
09:37:51 AM,93.45,0,0.0,329936901.25
09:37:51 AM,93.0,11950,1111350.0,331048251.25
09:37:52 AM,93.05,0,0.0,331048251.25
09:37:53 AM,92.15,0,0.0,331048251.25
09:37:53 AM,91.9,11125,1022387.5000000001,332070638.75
09:37:53 AM,92.05,0,0.0,332070638.75
09:37:54 AM,92.15,0,0.0,332070638.75
09:37:55 AM,93.55,9400,879370.0,332950008.75
09:37:55 AM,92.75,0,0.0,332950008.75
09:37:56 AM,92.55,6950,643222.5,333593231.25
09:37:57 AM,92.85,0,0.0,333593231.25
09:37:58 AM,93.05,0,0.0,333593231.25
09:37:58 AM,93.55,5550,519202.5,334112433.75
09:37:58 AM,92.65,0,0.0,334112433.75
09:37:59 AM,92.55,0,0.0,334112433.75
09:38:00 AM,93.0,5625,523125.0,334635558.75
09:38:00 AM,93.55,0,0.0,334635558.75
09:38:01 AM,93.45,0,0.0,334635558.75
09:38:01 AM,93.45,9700,906465.0,335542023.75
09:38:02 AM,94.1,0,0.0,335542023.75
09:38:03 AM,94.55,5600,529480.0,336071503.75
09:38:04 AM,93.35,0,0.0,336071503.75
09:38:04 AM,92.65,0,0.0,336071503.75
09:38:05 AM,92.65,21975,2035983.7500000002,338107487.5
09:38:06 AM,93.35,7500,700125.0,338807612.5
09:38:07 AM,93.85,0,0.0,338807612.5
09:38:08 AM,93.4,0,0.0,338807612.5
09:38:08 AM,94.3,7175,676602.5,339484215.0
09:38:09 AM,96.15,0,0.0,339484215.0
09:38:10 AM,96.1,0,0.0,339484215.0
09:38:10 AM,96.5,40550,3913075.0,343397290.0
09:38:11 AM,96.6,0,0.0,343397290.0
09:38:11 AM,97.35,14325,1394538.75,344791828.75
09:38:12 AM,96.7,0,0.0,344791828.75
09:38:12 AM,96.55,0,0.0,344791828.75
09:38:13 AM,98.0,35675,3496150.0,348287978.75
09:38:13 AM,97.2,0,0.0,348287978.75
09:38:14 AM,96.85,0,0.0,348287978.75
09:38:15 AM,95.95,21550,2067722.5,350355701.25
09:38:15 AM,95.25,0,0.0,350355701.25
09:38:16 AM,95.5,9425,900087.5,351255788.75
09:38:17 AM,95.95,0,0.0,351255788.75
09:38:18 AM,96.05,0,0.0,351255788.75
09:38:18 AM,96.05,6825,655541.25,351911330.0
09:38:19 AM,95.65,0,0.0,351911330.0
09:38:20 AM,96.9,0,0.0,351911330.0
09:38:20 AM,96.85,8650,837752.5,352749082.5
09:38:21 AM,97.65,0,0.0,352749082.5
09:38:21 AM,96.55,0,0.0,352749082.5
09:38:21 AM,96.25,9750,938437.5,353687520.0
09:38:22 AM,96.55,0,0.0,353687520.0
09:38:23 AM,96.7,7975,771182.5,354458702.5
09:38:24 AM,96.1,0,0.0,354458702.5
09:38:25 AM,95.9,0,0.0,354458702.5
09:38:25 AM,95.65,9000,860850.0,355319552.5
09:38:26 AM,96.25,0,0.0,355319552.5
09:38:26 AM,96.85,6175,598048.75,355917601.25
09:38:27 AM,97.85,0,0.0,355917601.25
09:38:28 AM,97.05,5850,567742.5,356485343.75
09:38:28 AM,96.05,0,0.0,356485343.75
09:38:29 AM,96.7,0,0.0,356485343.75
09:38:30 AM,97.0,12875,1248875.0,357734218.75
09:38:30 AM,96.35,0,0.0,357734218.75
09:38:31 AM,96.05,5975,573898.75,358308117.5
09:38:31 AM,96.1,0,0.0,358308117.5
09:38:32 AM,94.15,0,0.0,358308117.5
09:38:33 AM,95.0,32925,3127875.0,361435992.5
09:38:33 AM,95.4,0,0.0,361435992.5
09:38:35 AM,96.5,0,0.0,361435992.5
09:38:35 AM,96.5,4575,441487.5,361877480.0
09:38:35 AM,97.7,0,0.0,361877480.0
09:38:36 AM,98.7,9100,898170.0,362775650.0
09:38:36 AM,98.6,0,0.0,362775650.0
09:38:38 AM,97.75,0,0.0,362775650.0
09:38:38 AM,97.65,14450,1411042.5,364186692.5
09:38:39 AM,97.6,0,0.0,364186692.5
09:38:39 AM,97.85,0,0.0,364186692.5
09:38:40 AM,97.5,9025,879937.5,365066630.0
09:38:40 AM,95.75,0,0.0,365066630.0
09:38:41 AM,96.4,25200,2429280.0,367495910.0
09:38:41 AM,96.9,0,0.0,367495910.0
09:38:42 AM,97.1,0,0.0,367495910.0
09:38:43 AM,96.75,3000,290250.0,367786160.0
09:38:44 AM,97.5,0,0.0,367786160.0
09:38:44 AM,97.0,0,0.0,367786160.0
09:38:45 AM,98.05,2750,269637.5,368055797.5
09:38:46 AM,97.35,0,0.0,368055797.5
09:38:46 AM,97.9,3625,354887.5,368410685.0
09:38:47 AM,98.15,0,0.0,368410685.0
09:38:47 AM,97.5,0,0.0,368410685.0
09:38:48 AM,97.2,6075,590490.0,369001175.0
09:38:48 AM,96.6,0,0.0,369001175.0
09:38:49 AM,96.55,0,0.0,369001175.0
09:38:50 AM,96.5,5275,509037.5,369510212.5
09:38:50 AM,98.1,0,0.0,369510212.5
09:38:51 AM,97.5,10625,1035937.5,370546150.0
09:38:51 AM,97.35,0,0.0,370546150.0
09:38:52 AM,96.4,0,0.0,370546150.0
09:38:53 AM,96.2,23875,2296775.0,372842925.0
09:38:53 AM,95.95,0,0.0,372842925.0
09:38:55 AM,95.9,0,0.0,372842925.0
09:38:55 AM,95.8,20500,1963900.0,374806825.0
09:38:55 AM,96.05,0,0.0,374806825.0
09:38:56 AM,95.65,6300,602595.0,375409420.0
09:38:57 AM,95.85,0,0.0,375409420.0
09:38:58 AM,96.1,0,0.0,375409420.0
09:38:58 AM,95.75,3450,330337.5,375739757.5
09:38:59 AM,95.55,0,0.0,375739757.5
09:38:59 AM,95.6,0,0.0,375739757.5
09:39:00 AM,95.45,10050,959272.5,376699030.0
09:39:01 AM,96.95,0,0.0,376699030.0
09:39:01 AM,97.25,7725,751256.25,377450286.25
09:39:02 AM,96.8,0,0.0,377450286.25
09:39:02 AM,96.3,0,0.0,377450286.25
09:39:03 AM,96.5,5550,535575.0,377985861.25
09:39:04 AM,96.9,0,0.0,377985861.25
09:39:05 AM,97.1,0,0.0,377985861.25
09:39:05 AM,97.25,6275,610243.75,378596105.0
09:39:05 AM,96.8,0,0.0,378596105.0
09:39:06 AM,98.0,11450,1122100.0,379718205.0
09:39:07 AM,98.15,0,0.0,379718205.0
09:39:07 AM,97.9,0,0.0,379718205.0
09:39:08 AM,97.65,6175,602988.75,380321193.75
09:39:09 AM,97.3,0,0.0,380321193.75
09:39:09 AM,97.85,0,0.0,380321193.75
09:39:10 AM,97.5,20825,2030437.5,382351631.25
09:39:10 AM,98.15,0,0.0,382351631.25
09:39:11 AM,98.95,6625,655543.75,383007175.0
09:39:11 AM,98.5,0,0.0,383007175.0
09:39:12 AM,97.9,0,0.0,383007175.0
09:39:13 AM,98.0,21750,2131500.0,385138675.0
09:39:13 AM,99.5,0,0.0,385138675.0
09:39:14 AM,101.6,0,0.0,385138675.0
09:39:15 AM,101.5,57825,5869237.5,391007912.5
09:39:15 AM,101.55,0,0.0,391007912.5
09:39:16 AM,101.1,16525,1670677.5,392678590.0
09:39:16 AM,101.05,0,0.0,392678590.0
09:39:17 AM,100.9,0,0.0,392678590.0
09:39:18 AM,100.8,11500,1159200.0,393837790.0
09:39:18 AM,100.45,0,0.0,393837790.0
09:39:20 AM,101.0,0,0.0,393837790.0
09:39:20 AM,100.85,8500,857225.0,394695015.0
09:39:21 AM,101.8,0,0.0,394695015.0
09:39:21 AM,101.7,5350,544095.0,395239110.0
09:39:22 AM,102.3,0,0.0,395239110.0
09:39:23 AM,102.35,0,0.0,395239110.0
09:39:23 AM,101.7,8050,818685.0,396057795.0
09:39:23 AM,101.15,0,0.0,396057795.0
09:39:24 AM,100.7,0,0.0,396057795.0
09:39:25 AM,100.3,9950,997985.0,397055780.0
09:39:25 AM,100.85,0,0.0,397055780.0
09:39:26 AM,101.3,9500,962350.0,398018130.0
09:39:27 AM,101.4,0,0.0,398018130.0
09:39:27 AM,100.95,0,0.0,398018130.0
09:39:28 AM,101.25,3850,389812.5,398407942.5
09:39:28 AM,101.3,0,0.0,398407942.5
09:39:29 AM,102.1,0,0.0,398407942.5
09:39:30 AM,101.9,7800,794820.0,399202762.5
09:39:30 AM,102.4,0,0.0,399202762.5
09:39:31 AM,102.65,13775,1414003.75,400616766.25
09:39:32 AM,103.65,0,0.0,400616766.25
09:39:33 AM,102.6,0,0.0,400616766.25
09:39:33 AM,102.7,19475,2000082.5,402616848.75
09:39:34 AM,101.8,0,0.0,402616848.75
09:39:35 AM,102.9,49975,5142427.5,407759276.25
09:39:35 AM,102.7,0,0.0,407759276.25
09:39:36 AM,101.7,0,0.0,407759276.25
09:39:36 AM,102.3,30300,3099690.0,410858966.25
09:39:37 AM,102.4,0,0.0,410858966.25
09:39:37 AM,102.55,0,0.0,410858966.25
09:39:38 AM,103.8,4750,493050.0,411352016.25
09:39:39 AM,103.7,0,0.0,411352016.25
09:39:39 AM,102.95,0,0.0,411352016.25
09:39:40 AM,102.9,14800,1522920.0,412874936.25
09:39:40 AM,102.85,0,0.0,412874936.25
09:39:41 AM,103.5,7750,802125.0,413677061.25
09:39:43 AM,103.95,0,0.0,413677061.25
09:39:43 AM,102.7,10600,1088620.0,414765681.25
09:39:44 AM,102.45,0,0.0,414765681.25
09:39:45 AM,103.0,17150,1766450.0,416532131.25
09:39:45 AM,102.55,0,0.0,416532131.25
09:39:45 AM,102.7,0,0.0,416532131.25
09:39:46 AM,102.65,5725,587671.25,417119802.5
09:39:48 AM,103.5,0,0.0,417119802.5
09:39:48 AM,103.05,4225,435386.25,417555188.75
09:39:49 AM,103.55,0,0.0,417555188.75
09:39:50 AM,104.05,10225,1063911.25,418619100.0
09:39:50 AM,103.8,0,0.0,418619100.0
09:39:51 AM,104.5,0,0.0,418619100.0
09:39:51 AM,105.2,13825,1454390.0,420073490.0
09:39:52 AM,104.85,0,0.0,420073490.0
09:39:53 AM,104.8,9500,995600.0,421069090.0
09:39:53 AM,104.15,0,0.0,421069090.0
09:39:54 AM,103.2,0,0.0,421069090.0
09:39:55 AM,103.05,25325,2609741.25,423678831.25
09:39:56 AM,103.85,0,0.0,423678831.25
09:39:56 AM,104.05,15150,1576357.5,425255188.75
09:39:57 AM,103.75,0,0.0,425255188.75
09:39:58 AM,104.1,0,0.0,425255188.75
09:39:58 AM,103.75,7400,767750.0,426022938.75
09:39:59 AM,103.4,0,0.0,426022938.75
09:40:00 AM,104.55,6725,703098.75,426726037.5
09:40:00 AM,105.0,0,0.0,426726037.5
09:40:01 AM,106.6,0,0.0,426726037.5
09:40:01 AM,106.1,17375,1843487.5,428569525.0
09:40:02 AM,106.75,0,0.0,428569525.0
09:40:03 AM,106.85,10075,1076513.75,429646038.75
09:40:03 AM,107.15,0,0.0,429646038.75
09:40:04 AM,107.7,0,0.0,429646038.75
09:40:05 AM,107.35,15225,1634403.75,431280442.5
09:40:05 AM,107.75,0,0.0,431280442.5
09:40:06 AM,107.55,0,0.0,431280442.5
09:40:06 AM,107.55,16750,1801462.5,433081905.0
09:40:07 AM,107.35,0,0.0,433081905.0
09:40:08 AM,108.75,8125,883593.75,433965498.75
09:40:08 AM,109.2,0,0.0,433965498.75
09:40:09 AM,108.5,0,0.0,433965498.75
09:40:10 AM,108.5,32800,3558800.0,437524298.75
09:40:10 AM,108.4,0,0.0,437524298.75
09:40:11 AM,107.5,0,0.0,437524298.75
09:40:11 AM,107.5,53500,5751250.0,443275548.75
09:40:12 AM,106.5,0,0.0,443275548.75
09:40:13 AM,106.25,39150,4159687.5,447435236.25
09:40:13 AM,107.45,0,0.0,447435236.25
09:40:15 AM,109.25,0,0.0,447435236.25
09:40:15 AM,109.25,56100,6128925.0,453564161.25
09:40:15 AM,108.5,0,0.0,453564161.25
09:40:16 AM,109.6,0,0.0,453564161.25
09:40:16 AM,109.2,16075,1755390.0,455319551.25
09:40:17 AM,110.35,0,0.0,455319551.25
09:40:18 AM,111.35,21925,2441348.75,457760900.0
09:40:18 AM,112.4,0,0.0,457760900.0
09:40:19 AM,111.7,0,0.0,457760900.0
09:40:20 AM,110.9,24025,2664372.5,460425272.5
09:40:20 AM,110.45,0,0.0,460425272.5
09:40:21 AM,110.9,30050,3332545.0,463757817.5
09:40:22 AM,110.8,0,0.0,463757817.5
09:40:23 AM,111.15,0,0.0,463757817.5
09:40:23 AM,110.7,19300,2136510.0,465894327.5
09:40:24 AM,110.55,0,0.0,465894327.5
09:40:24 AM,110.0,0,0.0,465894327.5
09:40:25 AM,111.55,12950,1444572.5,467338900.0
09:40:25 AM,110.6,0,0.0,467338900.0
09:40:26 AM,111.5,12875,1435562.5,468774462.5
09:40:26 AM,110.9,0,0.0,468774462.5
09:40:28 AM,112.45,0,0.0,468774462.5
09:40:28 AM,112.95,31425,3549453.75,472323916.25
09:40:28 AM,112.2,0,0.0,472323916.25
09:40:29 AM,108.85,0,0.0,472323916.25
09:40:30 AM,109.05,22450,2448172.5,474772088.75
09:40:30 AM,108.7,0,0.0,474772088.75
09:40:31 AM,108.9,50525,5502172.5,480274261.25
09:40:32 AM,108.6,0,0.0,480274261.25
09:40:33 AM,109.55,0,0.0,480274261.25
09:40:33 AM,108.9,20725,2256952.5,482531213.75
09:40:33 AM,109.0,0,0.0,482531213.75
09:40:34 AM,111.1,0,0.0,482531213.75
09:40:35 AM,111.8,9150,1022970.0,483554183.75
09:40:36 AM,109.3,0,0.0,483554183.75
09:40:36 AM,108.9,16675,1815907.5,485370091.25
09:40:37 AM,109.85,0,0.0,485370091.25
09:40:38 AM,108.9,0,0.0,485370091.25
09:40:38 AM,108.85,16000,1741600.0,487111691.25
09:40:38 AM,108.8,0,0.0,487111691.25
09:40:39 AM,108.85,0,0.0,487111691.25
09:40:40 AM,108.55,9000,976950.0,488088641.25
09:40:40 AM,108.1,0,0.0,488088641.25
09:40:41 AM,106.1,9350,992035.0,489080676.25
09:40:42 AM,106.2,0,0.0,489080676.25
09:40:43 AM,104.45,0,0.0,489080676.25
09:40:43 AM,104.75,17400,1822650.0,490903326.25
09:40:44 AM,105.0,0,0.0,490903326.25
09:40:45 AM,105.7,14475,1530007.5,492433333.75
09:40:45 AM,105.45,0,0.0,492433333.75
09:40:45 AM,103.95,0,0.0,492433333.75
09:40:46 AM,104.75,21200,2220700.0,494654033.75
09:40:46 AM,104.9,0,0.0,494654033.75
09:40:47 AM,106.25,0,0.0,494654033.75
09:40:48 AM,107.65,7225,777771.25,495431805.0
09:40:49 AM,108.5,0,0.0,495431805.0
09:40:50 AM,109.65,8375,918318.75,496350123.75
09:40:50 AM,109.5,0,0.0,496350123.75
09:40:51 AM,109.35,6050,661567.5,497011691.25
09:40:51 AM,109.75,0,0.0,497011691.25
09:40:53 AM,108.75,6175,671531.25,497683222.5
09:40:54 AM,109.35,0,0.0,497683222.5
09:40:55 AM,108.75,0,0.0,497683222.5
09:40:55 AM,108.35,2575,279001.25,497962223.75
09:40:56 AM,107.55,0,0.0,497962223.75
09:40:56 AM,107.5,3600,387000.0,498349223.75
09:40:56 AM,107.3,0,0.0,498349223.75
09:40:57 AM,107.6,0,0.0,498349223.75
09:40:58 AM,108.35,21075,2283476.25,500632700.0
09:40:58 AM,108.05,0,0.0,500632700.0
09:40:59 AM,108.2,0,0.0,500632700.0
09:41:00 AM,108.55,3100,336505.0,500969205.0
09:41:01 AM,109.4,0,0.0,500969205.0
09:41:01 AM,109.7,20575,2257077.5,503226282.5
09:41:02 AM,110.0,0,0.0,503226282.5
09:41:03 AM,109.6,0,0.0,503226282.5
09:41:03 AM,110.1,23625,2601112.5,505827395.0
09:41:04 AM,109.4,0,0.0,505827395.0
09:41:05 AM,108.5,6200,672700.0,506500095.0
09:41:05 AM,108.4,0,0.0,506500095.0
09:41:06 AM,107.3,0,0.0,506500095.0
09:41:06 AM,107.45,4750,510387.5,507010482.5
09:41:08 AM,107.55,0,0.0,507010482.5
09:41:08 AM,108.65,10325,1121811.25,508132293.75
09:41:09 AM,108.35,0,0.0,508132293.75
09:41:10 AM,108.4,15025,1628710.0,509761003.75
09:41:11 AM,107.35,0,0.0,509761003.75
09:41:11 AM,108.95,6025,656423.75,510417427.5
09:41:12 AM,108.6,0,0.0,510417427.5
09:41:13 AM,108.9,0,0.0,510417427.5
09:41:13 AM,107.85,7550,814267.5,511231695.0
09:41:14 AM,106.15,0,0.0,511231695.0
09:41:15 AM,105.75,13300,1406475.0,512638170.0
09:41:16 AM,105.05,0,0.0,512638170.0
09:41:16 AM,105.25,16425,1728731.25,514366901.25
09:41:17 AM,105.1,0,0.0,514366901.25
09:41:18 AM,105.0,0,0.0,514366901.25
09:41:18 AM,105.15,3775,396941.25,514763842.5
09:41:19 AM,105.2,0,0.0,514763842.5
09:41:20 AM,106.9,0,0.0,514763842.5
09:41:20 AM,106.85,5800,619730.0,515383572.5
09:41:21 AM,106.05,0,0.0,515383572.5
09:41:21 AM,107.0,7125,762375.0,516145947.5
09:41:22 AM,106.85,0,0.0,516145947.5
09:41:23 AM,106.0,0,0.0,516145947.5
09:41:23 AM,105.2,4525,476030.0,516621977.5
09:41:24 AM,105.9,0,0.0,516621977.5
09:41:25 AM,105.95,0,0.0,516621977.5
09:41:25 AM,105.65,6500,686725.0,517308702.5
09:41:26 AM,106.3,0,0.0,517308702.5
09:41:26 AM,106.95,6975,745976.25,518054678.75
09:41:27 AM,107.75,0,0.0,518054678.75
09:41:28 AM,108.35,0,0.0,518054678.75
09:41:28 AM,108.35,8900,964315.0,519018993.75
09:41:29 AM,108.15,0,0.0,519018993.75
09:41:30 AM,107.15,0,0.0,519018993.75
09:41:30 AM,107.0,2575,275525.0,519294518.75
09:41:31 AM,106.6,0,0.0,519294518.75
09:41:31 AM,106.15,9550,1013732.5,520308251.25
09:41:32 AM,105.55,0,0.0,520308251.25
09:41:33 AM,105.3,0,0.0,520308251.25
09:41:33 AM,104.85,7700,807345.0,521115596.25
09:41:34 AM,105.45,0,0.0,521115596.25
09:41:35 AM,106.9,0,0.0,521115596.25
09:41:35 AM,105.95,8225,871438.75,521987035.0
09:41:36 AM,105.3,0,0.0,521987035.0
09:41:36 AM,104.65,14350,1501727.5,523488762.5
09:41:37 AM,104.7,0,0.0,523488762.5
09:41:38 AM,105.0,0,0.0,523488762.5
09:41:38 AM,104.85,8275,867633.75,524356396.25
09:41:39 AM,105.25,0,0.0,524356396.25
09:41:40 AM,105.8,0,0.0,524356396.25
09:41:40 AM,105.6,3725,393360.0,524749756.25
09:41:41 AM,106.35,0,0.0,524749756.25
09:41:41 AM,106.25,6450,685312.5,525435068.75
09:41:42 AM,107.0,0,0.0,525435068.75
09:41:43 AM,105.25,0,0.0,525435068.75
09:41:43 AM,105.05,3150,330907.5,525765976.25
09:41:44 AM,104.85,0,0.0,525765976.25
09:41:45 AM,103.55,0,0.0,525765976.25
09:41:45 AM,103.55,15650,1620557.5,527386533.75
09:41:46 AM,102.0,0,0.0,527386533.75
09:41:46 AM,100.15,24125,2416118.75,529802652.5
09:41:47 AM,100.35,0,0.0,529802652.5
09:41:48 AM,100.05,0,0.0,529802652.5
09:41:48 AM,100.5,26625,2675812.5,532478465.0
09:41:49 AM,99.65,0,0.0,532478465.0
09:41:50 AM,101.3,24175,2448927.5,534927392.5
09:41:50 AM,101.2,0,0.0,534927392.5
09:41:51 AM,100.95,0,0.0,534927392.5
09:41:51 AM,100.25,8125,814531.25,535741923.75
09:41:53 AM,100.2,0,0.0,535741923.75
09:41:53 AM,100.5,9250,929625.0,536671548.75
09:41:54 AM,101.0,0,0.0,536671548.75
09:41:55 AM,102.3,0,0.0,536671548.75
09:41:55 AM,102.25,9175,938143.75,537609692.5
09:41:56 AM,102.4,0,0.0,537609692.5
09:41:56 AM,103.1,34525,3559527.5,541169220.0
09:41:57 AM,102.7,0,0.0,541169220.0
09:41:58 AM,102.75,0,0.0,541169220.0
09:41:58 AM,102.75,13525,1389693.75,542558913.75
09:41:59 AM,102.85,0,0.0,542558913.75
09:42:00 AM,101.9,0,0.0,542558913.75
09:42:00 AM,101.55,8625,875868.75,543434782.5
09:42:01 AM,102.5,0,0.0,543434782.5
09:42:01 AM,105.0,7825,821625.0,544256407.5
09:42:02 AM,105.25,0,0.0,544256407.5
09:42:03 AM,105.1,0,0.0,544256407.5
09:42:03 AM,105.2,8225,865270.0,545121677.5
09:42:04 AM,105.6,0,0.0,545121677.5
09:42:05 AM,105.55,0,0.0,545121677.5
09:42:05 AM,105.45,6825,719696.25,545841373.75
09:42:06 AM,105.0,0,0.0,545841373.75
09:42:06 AM,104.2,9775,1018555.0,546859928.75
09:42:07 AM,104.7,0,0.0,546859928.75
09:42:08 AM,103.7,0,0.0,546859928.75
09:42:08 AM,103.5,14875,1539562.5,548399491.25
09:42:09 AM,103.55,0,0.0,548399491.25
09:42:10 AM,103.0,0,0.0,548399491.25
09:42:10 AM,102.15,3825,390723.75,548790215.0
09:42:11 AM,102.45,0,0.0,548790215.0
09:42:11 AM,101.8,3525,358845.0,549149060.0
09:42:12 AM,102.0,0,0.0,549149060.0
09:42:13 AM,101.75,0,0.0,549149060.0
09:42:13 AM,102.1,5650,576865.0,549725925.0
09:42:14 AM,102.45,0,0.0,549725925.0
09:42:15 AM,103.95,0,0.0,549725925.0
09:42:15 AM,104.75,4025,421618.75,550147543.75
09:42:16 AM,106.55,0,0.0,550147543.75
09:42:16 AM,106.85,17675,1888573.75,552036117.5
09:42:17 AM,106.95,0,0.0,552036117.5
09:42:18 AM,107.65,0,0.0,552036117.5
09:42:18 AM,107.15,3875,415206.25,552451323.75
09:42:19 AM,106.35,0,0.0,552451323.75
09:42:20 AM,105.45,0,0.0,552451323.75
09:42:20 AM,104.95,6900,724155.0,553175478.75
09:42:21 AM,104.75,0,0.0,553175478.75
09:42:21 AM,104.35,6400,667840.0,553843318.75
09:42:22 AM,104.0,0,0.0,553843318.75
09:42:23 AM,104.75,0,0.0,553843318.75
09:42:23 AM,104.1,5950,619395.0,554462713.75
