date,price,qty,trnvr,cum_trnvr
09:15:00 AM,316.65,50,15832.499999999998,15832.499999999998
09:15:01 AM,321.8,0,0.0,15832.499999999998
09:15:01 AM,320.2,525,168105.0,183937.5
09:15:02 AM,323.95,0,0.0,183937.5
09:15:03 AM,326.05,625,203781.25,387718.75
09:15:04 AM,325.1,0,0.0,387718.75
09:15:04 AM,317.95,900,286155.0,673873.75
09:15:05 AM,324.9,0,0.0,673873.75
09:15:05 AM,319.9,550,175945.0,849818.75
09:15:06 AM,324.5,0,0.0,849818.75
09:15:06 AM,325.35,525,170808.75,1020627.5
09:15:08 AM,323.9,175,56682.49999999999,1077310.0
09:15:08 AM,323.45,0,0.0,1077310.0
09:15:09 AM,324.95,1325,430558.75,1507868.75
09:15:09 AM,324.75,0,0.0,1507868.75
09:15:10 AM,323.15,700,226204.99999999997,1734073.75
09:15:11 AM,321.0,650,208650.0,1942723.75
09:15:12 AM,320.55,0,0.0,1942723.75
09:15:12 AM,320.45,575,184258.75,2126982.5
09:15:14 AM,318.75,400,127500.0,2254482.5
09:15:15 AM,318.3,750,238725.0,2493207.5
09:15:16 AM,318.45,0,0.0,2493207.5
09:15:16 AM,318.45,200,63690.0,2556897.5
09:15:17 AM,317.25,0,0.0,2556897.5
09:15:17 AM,317.1,2250,713475.0,3270372.5
09:15:19 AM,318.0,750,238500.0,3508872.5
09:15:19 AM,319.5,0,0.0,3508872.5
09:15:20 AM,319.95,0,0.0,3508872.5
09:15:20 AM,319.95,150,47992.5,3556865.0
09:15:21 AM,321.8,0,0.0,3556865.0
09:15:21 AM,320.3,850,272255.0,3829120.0
09:15:23 AM,320.55,0,0.0,3829120.0
09:15:23 AM,320.55,375,120206.25,3949326.25
09:15:24 AM,322.05,0,0.0,3949326.25
09:15:24 AM,322.05,375,120768.75,4070095.0
09:15:25 AM,321.2,0,0.0,4070095.0
09:15:25 AM,321.2,625,200750.0,4270845.0
09:15:26 AM,322.0,0,0.0,4270845.0
09:15:26 AM,320.0,300,96000.0,4366845.0
09:15:28 AM,320.3,0,0.0,4366845.0
09:15:28 AM,320.3,125,40037.5,4406882.5
09:15:29 AM,321.7,0,0.0,4406882.5
09:15:29 AM,321.7,25,8042.5,4414925.0
09:15:30 AM,318.55,0,0.0,4414925.0
09:15:30 AM,318.7,300,95610.0,4510535.0
09:15:31 AM,320.35,0,0.0,4510535.0
09:15:32 AM,320.45,0,0.0,4510535.0
09:15:32 AM,320.45,650,208292.5,4718827.5
09:15:33 AM,317.75,0,0.0,4718827.5
09:15:33 AM,317.75,2500,794375.0,5513202.5
09:15:34 AM,317.85,0,0.0,5513202.5
09:15:34 AM,317.85,400,127140.00000000001,5640342.5
09:15:35 AM,314.05,0,0.0,5640342.5
09:15:36 AM,313.0,0,0.0,5640342.5
09:15:36 AM,313.0,1275,399075.0,6039417.5
09:15:37 AM,310.75,0,0.0,6039417.5
09:15:37 AM,310.75,1200,372900.0,6412317.5
09:15:38 AM,310.7,0,0.0,6412317.5
09:15:38 AM,311.2,50,15560.0,6427877.5
09:15:39 AM,311.65,0,0.0,6427877.5
09:15:39 AM,311.65,75,23373.75,6451251.25
09:15:41 AM,310.5,0,0.0,6451251.25
09:15:41 AM,310.5,25,7762.5,6459013.75
09:15:42 AM,310.05,0,0.0,6459013.75
09:15:42 AM,310.05,150,46507.5,6505521.25
09:15:43 AM,306.8,0,0.0,6505521.25
09:15:43 AM,304.7,1775,540842.5,7046363.75
09:15:44 AM,303.3,0,0.0,7046363.75
09:15:45 AM,303.7,550,167035.0,7213398.75
09:15:46 AM,303.7,1700,516290.0,7729688.75
09:15:47 AM,303.8,0,0.0,7729688.75
09:15:47 AM,305.45,125,38181.25,7767870.0
09:15:48 AM,307.1,0,0.0,7767870.0
09:15:48 AM,306.7,250,76675.0,7844545.0
09:15:50 AM,306.4,0,0.0,7844545.0
09:15:50 AM,306.2,300,91860.0,7936405.0
09:15:51 AM,304.65,0,0.0,7936405.0
09:15:51 AM,304.65,250,76162.5,8012567.5
09:15:52 AM,306.1,0,0.0,8012567.5
09:15:52 AM,306.1,50,15305.000000000002,8027872.5
09:15:53 AM,302.3,0,0.0,8027872.5
09:15:53 AM,302.3,700,211610.0,8239482.5
09:15:54 AM,304.45,0,0.0,8239482.5
09:15:54 AM,300.3,500,150150.0,8389632.5
09:15:56 AM,300.0,0,0.0,8389632.5
09:15:56 AM,300.0,325,97500.0,8487132.5
09:15:57 AM,298.45,0,0.0,8487132.5
09:15:57 AM,298.45,800,238760.0,8725892.5
09:15:58 AM,298.95,0,0.0,8725892.5
09:15:58 AM,297.45,1800,535410.0,9261302.5
09:15:59 AM,297.6,0,0.0,9261302.5
09:16:00 AM,298.0,0,0.0,9261302.5
09:16:00 AM,298.0,125,37250.0,9298552.5
09:16:01 AM,298.9,0,0.0,9298552.5
09:16:01 AM,298.9,3575,1068567.5,10367120.0
09:16:02 AM,300.0,525,157500.0,10524620.0
09:16:04 AM,299.75,150,44962.5,10569582.5
09:16:04 AM,300.6,0,0.0,10569582.5
09:16:05 AM,301.95,175,52841.25,10622423.75
09:16:06 AM,298.95,0,0.0,10622423.75
09:16:06 AM,298.95,50,14947.5,10637371.25
09:16:07 AM,300.0,0,0.0,10637371.25
09:16:07 AM,300.0,50,15000.0,10652371.25
09:16:08 AM,301.3,0,0.0,10652371.25
09:16:09 AM,298.9,0,0.0,10652371.25
09:16:09 AM,297.9,450,134055.0,10786426.25
09:16:10 AM,297.1,0,0.0,10786426.25
09:16:10 AM,298.25,1900,566675.0,11353101.25
09:16:11 AM,298.1,0,0.0,11353101.25
09:16:11 AM,298.25,675,201318.75,11554420.0
09:16:12 AM,298.4,0,0.0,11554420.0
09:16:13 AM,299.7,500,149850.0,11704270.0
09:16:14 AM,300.3,0,0.0,11704270.0
09:16:14 AM,300.3,100,30030.0,11734300.0
09:16:15 AM,297.4,0,0.0,11734300.0
09:16:15 AM,296.25,2625,777656.25,12511956.25
09:16:16 AM,297.75,0,0.0,12511956.25
09:16:16 AM,298.6,225,67185.0,12579141.25
09:16:17 AM,299.05,0,0.0,12579141.25
09:16:18 AM,301.3,0,0.0,12579141.25
09:16:18 AM,301.3,150,45195.0,12624336.25
09:16:19 AM,301.4,0,0.0,12624336.25
09:16:19 AM,301.4,200,60279.99999999999,12684616.25
09:16:20 AM,301.4,750,226049.99999999997,12910666.25
09:16:22 AM,302.3,0,0.0,12910666.25
09:16:23 AM,302.3,100,30230.0,12940896.25
09:16:24 AM,301.5,0,0.0,12940896.25
09:16:24 AM,302.15,2050,619407.5,13560303.75
09:16:26 AM,305.0,0,0.0,13560303.75
09:16:26 AM,303.35,975,295766.25,13856070.0
09:16:27 AM,305.0,0,0.0,13856070.0
09:16:27 AM,305.0,1200,366000.0,14222070.0
09:16:28 AM,302.4,0,0.0,14222070.0
09:16:28 AM,302.95,1025,310523.75,14532593.75
09:16:29 AM,301.0,0,0.0,14532593.75
09:16:29 AM,301.05,775,233313.75,14765907.5
09:16:30 AM,302.35,0,0.0,14765907.5
09:16:31 AM,300.75,0,0.0,14765907.5
09:16:31 AM,300.75,300,90225.0,14856132.5
09:16:32 AM,301.95,0,0.0,14856132.5
09:16:32 AM,301.95,100,30195.0,14886327.5
09:16:33 AM,302.4,0,0.0,14886327.5
09:16:33 AM,302.4,25,7559.999999999999,14893887.5
09:16:34 AM,301.3,0,0.0,14893887.5
09:16:35 AM,300.85,850,255722.50000000003,15149610.0
09:16:35 AM,300.0,0,0.0,15149610.0
09:16:36 AM,298.2,0,0.0,15149610.0
09:16:36 AM,298.3,2025,604057.5,15753667.5
09:16:37 AM,299.6,0,0.0,15753667.5
09:16:37 AM,300.55,350,105192.5,15858860.0
09:16:38 AM,301.4,0,0.0,15858860.0
09:16:39 AM,302.05,0,0.0,15858860.0
09:16:39 AM,301.5,625,188437.5,16047297.5
09:16:40 AM,300.0,550,165000.0,16212297.5
09:16:41 AM,303.3,0,0.0,16212297.5
09:16:41 AM,301.3,3575,1077147.5,17289445.0
09:16:43 AM,299.65,0,0.0,17289445.0
09:16:43 AM,299.65,575,172298.75,17461743.75
09:16:44 AM,299.8,0,0.0,17461743.75
09:16:44 AM,299.8,475,142405.0,17604148.75
09:16:45 AM,300.0,0,0.0,17604148.75
09:16:45 AM,300.0,250,75000.0,17679148.75
09:16:46 AM,299.65,0,0.0,17679148.75
09:16:46 AM,299.65,400,119859.99999999999,17799008.75
09:16:47 AM,300.4,0,0.0,17799008.75
09:16:48 AM,299.25,0,0.0,17799008.75
09:16:48 AM,299.25,400,119700.0,17918708.75
09:16:49 AM,297.9,0,0.0,17918708.75
09:16:49 AM,297.9,50,14894.999999999998,17933603.75
09:16:50 AM,298.0,0,0.0,17933603.75
09:16:50 AM,299.65,50,14982.499999999998,17948586.25
09:16:51 AM,299.4,0,0.0,17948586.25
09:16:51 AM,299.8,525,157395.0,18105981.25
09:16:52 AM,300.0,0,0.0,18105981.25
09:16:53 AM,300.8,0,0.0,18105981.25
09:16:53 AM,300.8,1000,300800.0,18406781.25
09:16:54 AM,300.6,0,0.0,18406781.25
09:16:54 AM,301.95,450,135877.5,18542658.75
09:16:57 AM,301.55,0,0.0,18542658.75
09:16:57 AM,301.55,25,7538.75,18550197.5
09:16:58 AM,302.2,0,0.0,18550197.5
09:16:58 AM,302.2,75,22665.0,18572862.5
09:16:59 AM,300.85,0,0.0,18572862.5
09:16:59 AM,300.85,25,7521.250000000001,18580383.75
09:17:00 AM,298.45,0,0.0,18580383.75
09:17:00 AM,300.0,650,195000.0,18775383.75
09:17:01 AM,298.0,0,0.0,18775383.75
09:17:02 AM,299.2,0,0.0,18775383.75
09:17:02 AM,299.2,425,127160.0,18902543.75
09:17:03 AM,298.15,0,0.0,18902543.75
09:17:03 AM,298.15,775,231066.24999999997,19133610.0
09:17:04 AM,297.0,0,0.0,19133610.0
09:17:04 AM,297.0,700,207900.0,19341510.0
09:17:05 AM,295.75,0,0.0,19341510.0
09:17:06 AM,297.0,0,0.0,19341510.0
09:17:06 AM,297.0,425,126225.0,19467735.0
09:17:07 AM,296.55,0,0.0,19467735.0
09:17:07 AM,295.95,75,22196.25,19489931.25
09:17:08 AM,297.1,0,0.0,19489931.25
09:17:08 AM,296.85,175,51948.75000000001,19541880.0
09:17:09 AM,296.9,0,0.0,19541880.0
09:17:10 AM,297.25,0,0.0,19541880.0
09:17:10 AM,298.1,200,59620.00000000001,19601500.0
09:17:11 AM,298.25,0,0.0,19601500.0
09:17:11 AM,298.45,300,89535.0,19691035.0
09:17:12 AM,300.0,0,0.0,19691035.0
09:17:12 AM,299.9,250,74975.0,19766010.0
09:17:13 AM,300.0,0,0.0,19766010.0
09:17:14 AM,300.25,250,75062.5,19841072.5
09:17:14 AM,301.25,0,0.0,19841072.5
09:17:15 AM,303.0,0,0.0,19841072.5
09:17:15 AM,303.0,725,219675.0,20060747.5
09:17:16 AM,304.0,0,0.0,20060747.5
09:17:16 AM,305.0,900,274500.0,20335247.5
09:17:17 AM,305.35,0,0.0,20335247.5
09:17:18 AM,306.05,200,61210.0,20396457.5
09:17:18 AM,308.35,0,0.0,20396457.5
09:17:19 AM,309.0,0,0.0,20396457.5
09:17:19 AM,309.0,425,131325.0,20527782.5
09:17:20 AM,308.8,0,0.0,20527782.5
09:17:20 AM,308.75,350,108062.5,20635845.0
09:17:21 AM,308.95,0,0.0,20635845.0
09:17:22 AM,306.7,575,176352.5,20812197.5
09:17:23 AM,304.1,0,0.0,20812197.5
09:17:23 AM,304.55,850,258867.5,21071065.0
09:17:24 AM,305.7,1175,359197.5,21430262.5
09:17:25 AM,304.95,0,0.0,21430262.5
09:17:25 AM,304.95,250,76237.5,21506500.0
09:17:26 AM,307.7,0,0.0,21506500.0
09:17:27 AM,305.8,425,129965.0,21636465.0
09:17:28 AM,306.85,0,0.0,21636465.0
09:17:28 AM,306.85,50,15342.500000000002,21651807.5
09:17:29 AM,306.35,0,0.0,21651807.5
09:17:29 AM,306.35,375,114881.25000000001,21766688.75
09:17:30 AM,305.8,0,0.0,21766688.75
09:17:30 AM,305.8,50,15290.0,21781978.75
09:17:31 AM,306.2,0,0.0,21781978.75
09:17:32 AM,305.5,0,0.0,21781978.75
09:17:32 AM,305.5,200,61100.0,21843078.75
09:17:33 AM,305.1,425,129667.50000000001,21972746.25
09:17:34 AM,306.9,0,0.0,21972746.25
09:17:34 AM,306.9,225,69052.5,22041798.75
09:17:35 AM,306.15,0,0.0,22041798.75
09:17:35 AM,307.15,100,30714.999999999996,22072513.75
09:17:36 AM,306.2,0,0.0,22072513.75
09:17:37 AM,307.45,700,215215.0,22287728.75
09:17:38 AM,308.0,0,0.0,22287728.75
09:17:38 AM,308.35,150,46252.5,22333981.25
09:17:39 AM,307.7,0,0.0,22333981.25
09:17:39 AM,308.45,125,38556.25,22372537.5
09:17:40 AM,309.0,800,247200.0,22619737.5
09:17:41 AM,309.7,0,0.0,22619737.5
09:17:42 AM,309.7,1925,596172.5,23215910.0
09:17:43 AM,311.4,0,0.0,23215910.0
09:17:43 AM,311.4,675,210194.99999999997,23426105.0
09:17:44 AM,312.75,0,0.0,23426105.0
09:17:44 AM,313.8,400,125520.0,23551625.0
09:17:45 AM,314.85,0,0.0,23551625.0
09:17:46 AM,314.8,1500,472200.0,24023825.0
09:17:46 AM,315.75,0,0.0,24023825.0
09:17:47 AM,315.45,0,0.0,24023825.0
09:17:47 AM,315.65,650,205172.49999999997,24228997.5
09:17:48 AM,314.0,0,0.0,24228997.5
09:17:48 AM,314.6,300,94380.0,24323377.5
09:17:49 AM,313.95,0,0.0,24323377.5
09:17:50 AM,313.95,350,109882.5,24433260.0
09:17:50 AM,314.1,0,0.0,24433260.0
09:17:51 AM,313.65,0,0.0,24433260.0
09:17:51 AM,313.65,625,196031.25,24629291.25
09:17:52 AM,314.85,0,0.0,24629291.25
09:17:52 AM,314.85,250,78712.5,24708003.75
09:17:53 AM,313.2,0,0.0,24708003.75
09:17:53 AM,313.45,425,133216.25,24841220.0
09:17:55 AM,313.0,0,0.0,24841220.0
09:17:55 AM,313.0,125,39125.0,24880345.0
09:17:56 AM,312.85,0,0.0,24880345.0
09:17:56 AM,312.85,1025,320671.25,25201016.25
09:17:57 AM,312.2,0,0.0,25201016.25
09:17:57 AM,312.2,275,85855.0,25286871.25
09:17:58 AM,312.3,0,0.0,25286871.25
09:17:58 AM,311.9,350,109164.99999999999,25396036.25
09:18:00 AM,311.15,0,0.0,25396036.25
09:18:00 AM,310.4,1850,574240.0,25970276.25
09:18:01 AM,310.95,0,0.0,25970276.25
09:18:01 AM,310.4,4900,1520960.0,27491236.25
09:18:02 AM,311.3,0,0.0,27491236.25
09:18:02 AM,311.1,3225,1003297.5000000001,28494533.75
09:18:03 AM,310.2,0,0.0,28494533.75
09:18:04 AM,309.7,175,54197.5,28548731.25
09:18:04 AM,309.85,0,0.0,28548731.25
09:18:05 AM,308.0,375,115500.0,28664231.25
09:18:06 AM,308.9,0,0.0,28664231.25
09:18:06 AM,308.9,50,15444.999999999998,28679676.25
09:18:07 AM,307.0,0,0.0,28679676.25
09:18:07 AM,307.15,325,99823.74999999999,28779500.0
09:18:08 AM,307.5,0,0.0,28779500.0
09:18:09 AM,306.0,125,38250.0,28817750.0
09:18:10 AM,306.45,150,45967.5,28863717.5
09:18:10 AM,308.15,0,0.0,28863717.5
09:18:11 AM,307.55,0,0.0,28863717.5
09:18:11 AM,307.55,550,169152.5,29032870.0
09:18:12 AM,311.2,0,0.0,29032870.0
09:18:12 AM,310.2,250,77550.0,29110420.0
09:18:14 AM,312.45,0,0.0,29110420.0
09:18:14 AM,313.0,175,54775.0,29165195.0
09:18:16 AM,313.5,0,0.0,29165195.0
09:18:16 AM,313.5,225,70537.5,29235732.5
09:18:17 AM,314.0,0,0.0,29235732.5
09:18:18 AM,313.45,125,39181.25,29274913.75
09:18:19 AM,315.0,0,0.0,29274913.75
09:18:19 AM,315.0,825,259875.0,29534788.75
09:18:20 AM,314.6,0,0.0,29534788.75
09:18:20 AM,315.1,300,94530.0,29629318.75
09:18:21 AM,316.9,0,0.0,29629318.75
09:18:21 AM,316.65,2325,736211.25,30365530.0
09:18:22 AM,317.3,0,0.0,30365530.0
09:18:23 AM,316.0,0,0.0,30365530.0
09:18:24 AM,316.0,1325,418700.0,30784230.0
09:18:25 AM,314.3,0,0.0,30784230.0
09:18:25 AM,316.35,2200,695970.0,31480200.0
09:18:26 AM,315.3,0,0.0,31480200.0
09:18:27 AM,315.05,0,0.0,31480200.0
09:18:27 AM,315.05,475,149648.75,31629848.75
09:18:28 AM,314.2,0,0.0,31629848.75
09:18:29 AM,317.65,975,309708.75,31939557.5
09:18:30 AM,316.95,0,0.0,31939557.5
09:18:30 AM,319.05,1475,470598.75,32410156.25
09:18:31 AM,319.95,0,0.0,32410156.25
09:18:32 AM,319.45,0,0.0,32410156.25
09:18:32 AM,317.3,700,222110.0,32632266.25
09:18:33 AM,317.65,0,0.0,32632266.25
09:18:34 AM,320.25,3675,1176918.75,33809185.0
09:18:35 AM,319.85,0,0.0,33809185.0
09:18:35 AM,319.95,225,71988.75,33881173.75
09:18:36 AM,320.55,0,0.0,33881173.75
09:18:37 AM,318.8,0,0.0,33881173.75
09:18:37 AM,318.85,425,135511.25,34016685.0
09:18:38 AM,324.4,0,0.0,34016685.0
09:18:39 AM,320.45,0,0.0,34016685.0
09:18:39 AM,320.45,2975,953338.75,34970023.75
09:18:40 AM,319.95,0,0.0,34970023.75
09:18:40 AM,318.7,2775,884392.5,35854416.25
09:18:41 AM,319.6,0,0.0,35854416.25
09:18:42 AM,317.4,0,0.0,35854416.25
09:18:42 AM,319.35,3250,1037887.5000000001,36892303.75
09:18:43 AM,319.55,0,0.0,36892303.75
09:18:44 AM,319.3,0,0.0,36892303.75
09:18:44 AM,319.3,4100,1309130.0,38201433.75
09:18:45 AM,319.0,0,0.0,38201433.75
09:18:45 AM,317.05,4025,1276126.25,39477560.0
09:18:46 AM,318.35,0,0.0,39477560.0
09:18:47 AM,317.65,0,0.0,39477560.0
09:18:47 AM,317.65,2125,675006.25,40152566.25
09:18:48 AM,318.2,0,0.0,40152566.25
09:18:49 AM,319.6,0,0.0,40152566.25
09:18:49 AM,319.6,4325,1382270.0,41534836.25
09:18:50 AM,321.9,0,0.0,41534836.25
09:18:50 AM,321.85,4000,1287400.0,42822236.25
09:18:52 AM,319.6,0,0.0,42822236.25
09:18:52 AM,320.0,2575,824000.0,43646236.25
09:18:53 AM,320.05,0,0.0,43646236.25
09:18:54 AM,321.55,0,0.0,43646236.25
09:18:54 AM,321.25,4975,1598218.75,45244455.0
09:18:55 AM,323.15,0,0.0,45244455.0
09:18:55 AM,319.7,6650,2126005.0,47370460.0
09:18:56 AM,318.25,0,0.0,47370460.0
09:18:57 AM,318.6,0,0.0,47370460.0
09:18:57 AM,318.6,2300,732780.0,48103240.0
09:18:58 AM,319.7,0,0.0,48103240.0
09:18:59 AM,317.6,0,0.0,48103240.0
09:18:59 AM,317.6,3925,1246580.0,49349820.0
09:19:00 AM,316.5,0,0.0,49349820.0
09:19:00 AM,316.55,4300,1361165.0,50710985.0
09:19:01 AM,316.8,0,0.0,50710985.0
09:19:02 AM,315.0,0,0.0,50710985.0
09:19:02 AM,314.95,400,125980.0,50836965.0
09:19:03 AM,313.95,0,0.0,50836965.0
09:19:04 AM,313.45,0,0.0,50836965.0
09:19:04 AM,313.45,125,39181.25,50876146.25
09:19:05 AM,315.0,0,0.0,50876146.25
09:19:06 AM,315.95,300,94785.0,50970931.25
09:19:07 AM,314.8,0,0.0,50970931.25
09:19:07 AM,314.35,575,180751.25,51151682.5
09:19:08 AM,314.05,0,0.0,51151682.5
09:19:09 AM,315.2,0,0.0,51151682.5
09:19:09 AM,315.2,575,181240.0,51332922.5
09:19:10 AM,315.95,0,0.0,51332922.5
09:19:11 AM,315.95,50,15797.5,51348720.0
09:19:11 AM,316.5,0,0.0,51348720.0
09:19:12 AM,315.55,0,0.0,51348720.0
09:19:12 AM,315.5,1350,425925.0,51774645.0
09:19:13 AM,314.75,0,0.0,51774645.0
09:19:14 AM,313.8,0,0.0,51774645.0
09:19:14 AM,313.8,625,196125.0,51970770.0
09:19:15 AM,313.0,0,0.0,51970770.0
09:19:16 AM,314.95,400,125980.0,52096750.0
09:19:16 AM,315.0,0,0.0,52096750.0
09:19:17 AM,315.9,0,0.0,52096750.0
09:19:17 AM,315.9,75,23692.5,52120442.5
09:19:18 AM,317.0,0,0.0,52120442.5
09:19:19 AM,317.0,25,7925.0,52128367.5
09:19:19 AM,316.0,0,0.0,52128367.5
09:19:20 AM,314.6,0,0.0,52128367.5
09:19:21 AM,313.85,300,94155.0,52222522.5
09:19:21 AM,313.2,0,0.0,52222522.5
09:19:22 AM,315.95,0,0.0,52222522.5
09:19:22 AM,316.85,575,182188.75,52404711.25
09:19:23 AM,316.9,0,0.0,52404711.25
09:19:24 AM,317.5,0,0.0,52404711.25
09:19:24 AM,316.1,500,158050.0,52562761.25
09:19:25 AM,315.2,0,0.0,52562761.25
09:19:26 AM,314.25,300,94275.0,52657036.25
09:19:27 AM,313.2,0,0.0,52657036.25
09:19:27 AM,313.2,600,187920.0,52844956.25
09:19:28 AM,314.05,0,0.0,52844956.25
09:19:29 AM,314.05,250,78512.5,52923468.75
09:19:30 AM,314.3,0,0.0,52923468.75
09:19:31 AM,314.95,275,86611.25,53010080.0
09:19:32 AM,314.3,25,7857.5,53017937.5
09:19:33 AM,313.0,0,0.0,53017937.5
09:19:34 AM,312.9,0,0.0,53017937.5
09:19:34 AM,311.9,525,163747.5,53181685.0
09:19:35 AM,310.6,0,0.0,53181685.0
09:19:36 AM,310.0,1900,589000.0,53770685.0
09:19:36 AM,309.2,0,0.0,53770685.0
09:19:37 AM,309.6,0,0.0,53770685.0
09:19:37 AM,309.6,150,46440.0,53817125.0
09:19:38 AM,309.5,0,0.0,53817125.0
09:19:39 AM,310.2,0,0.0,53817125.0
09:19:39 AM,310.95,700,217665.0,54034790.0
09:19:40 AM,309.6,0,0.0,54034790.0
09:19:41 AM,309.8,750,232350.0,54267140.0
09:19:42 AM,309.6,0,0.0,54267140.0
09:19:42 AM,309.6,200,61920.00000000001,54329060.0
09:19:43 AM,310.1,0,0.0,54329060.0
09:19:44 AM,308.2,0,0.0,54329060.0
09:19:44 AM,308.2,4625,1425425.0,55754485.0
09:19:45 AM,308.0,0,0.0,55754485.0
09:19:46 AM,307.9,625,192437.5,55946922.5
09:19:46 AM,307.6,0,0.0,55946922.5
09:19:47 AM,307.7,0,0.0,55946922.5
09:19:47 AM,308.0,850,261800.0,56208722.5
09:19:48 AM,308.4,0,0.0,56208722.5
09:19:49 AM,307.75,0,0.0,56208722.5
09:19:49 AM,307.75,200,61550.0,56270272.5
09:19:50 AM,308.25,0,0.0,56270272.5
09:19:51 AM,307.45,1000,307450.0,56577722.5
09:19:52 AM,308.65,700,216054.99999999997,56793777.5
09:19:54 AM,307.0,0,0.0,56793777.5
09:19:54 AM,307.0,100,30700.0,56824477.5
09:19:55 AM,307.25,0,0.0,56824477.5
09:19:56 AM,306.6,250,76650.0,56901127.5
09:19:57 AM,307.45,0,0.0,56901127.5
09:19:57 AM,307.45,100,30745.0,56931872.5
09:19:58 AM,309.0,0,0.0,56931872.5
09:19:59 AM,308.0,0,0.0,56931872.5
09:19:59 AM,308.0,550,169400.0,57101272.5
09:20:00 AM,304.5,0,0.0,57101272.5
09:20:01 AM,303.0,1450,439350.0,57540622.5
09:20:01 AM,303.25,0,0.0,57540622.5
09:20:02 AM,303.2,0,0.0,57540622.5
09:20:02 AM,303.1,375,113662.50000000001,57654285.0
09:20:03 AM,302.8,0,0.0,57654285.0
09:20:04 AM,304.15,0,0.0,57654285.0
09:20:04 AM,304.15,850,258527.49999999997,57912812.5
09:20:05 AM,305.15,0,0.0,57912812.5
09:20:06 AM,304.6,275,83765.0,57996577.5
09:20:07 AM,306.4,0,0.0,57996577.5
09:20:07 AM,306.4,500,153200.0,58149777.5
09:20:09 AM,307.35,0,0.0,58149777.5
09:20:09 AM,307.15,900,276435.0,58426212.5
09:20:10 AM,306.4,0,0.0,58426212.5
09:20:11 AM,303.2,150,45480.0,58471692.5
09:20:11 AM,304.2,0,0.0,58471692.5
09:20:12 AM,305.1,0,0.0,58471692.5
09:20:12 AM,305.55,400,122220.0,58593912.5
09:20:14 AM,306.55,0,0.0,58593912.5
09:20:14 AM,306.55,125,38318.75,58632231.25
09:20:15 AM,307.45,0,0.0,58632231.25
09:20:16 AM,306.75,100,30675.0,58662906.25
09:20:16 AM,306.85,0,0.0,58662906.25
09:20:17 AM,306.85,25,7671.250000000001,58670577.5
09:20:20 AM,304.2,0,0.0,58670577.5
09:20:21 AM,303.7,200,60740.0,58731317.5
09:20:22 AM,303.55,0,0.0,58731317.5
09:20:22 AM,303.55,150,45532.5,58776850.0
09:20:23 AM,303.05,0,0.0,58776850.0
09:20:24 AM,302.5,175,52937.5,58829787.5
09:20:24 AM,300.55,0,0.0,58829787.5
09:20:25 AM,300.0,0,0.0,58829787.5
09:20:26 AM,299.35,3125,935468.7500000001,59765256.25
09:20:27 AM,298.5,0,0.0,59765256.25
09:20:27 AM,298.05,650,193732.5,59958988.75
09:20:28 AM,298.4,0,0.0,59958988.75
09:20:29 AM,298.15,0,0.0,59958988.75
09:20:29 AM,298.15,1025,305603.75,60264592.5
09:20:30 AM,302.0,0,0.0,60264592.5
09:20:31 AM,302.3,400,120920.0,60385512.5
09:20:32 AM,303.0,0,0.0,60385512.5
09:20:32 AM,303.0,200,60600.0,60446112.5
09:20:33 AM,303.55,0,0.0,60446112.5
09:20:34 AM,302.9,0,0.0,60446112.5
09:20:34 AM,302.95,575,174196.25,60620308.75
09:20:35 AM,301.2,0,0.0,60620308.75
09:20:36 AM,302.05,1600,483280.0,61103588.75
09:20:37 AM,302.3,0,0.0,61103588.75
09:20:37 AM,304.15,825,250923.74999999997,61354512.5
09:20:38 AM,304.6,0,0.0,61354512.5
09:20:39 AM,304.2,0,0.0,61354512.5
09:20:39 AM,304.2,75,22815.0,61377327.5
09:20:40 AM,305.1,0,0.0,61377327.5
09:20:41 AM,304.0,525,159600.0,61536927.5
09:20:41 AM,303.75,0,0.0,61536927.5
09:20:42 AM,302.25,0,0.0,61536927.5
09:20:42 AM,302.6,450,136170.0,61673097.5
09:20:43 AM,301.25,0,0.0,61673097.5
09:20:44 AM,301.55,0,0.0,61673097.5
09:20:44 AM,301.55,675,203546.25,61876643.75
09:20:45 AM,300.2,0,0.0,61876643.75
09:20:46 AM,300.2,150,45030.0,61921673.75
09:20:46 AM,302.25,0,0.0,61921673.75
09:20:47 AM,303.2,0,0.0,61921673.75
09:20:47 AM,304.0,475,144400.0,62066073.75
09:20:49 AM,303.45,0,0.0,62066073.75
09:20:49 AM,303.45,25,7586.25,62073660.0
09:20:50 AM,303.65,0,0.0,62073660.0
09:20:51 AM,303.65,200,60729.99999999999,62134390.0
09:20:53 AM,303.35,0,0.0,62134390.0
09:20:54 AM,302.6,0,0.0,62134390.0
09:20:54 AM,302.6,125,37825.0,62172215.0
09:20:55 AM,301.0,0,0.0,62172215.0
09:20:56 AM,300.4,150,45060.0,62217275.0
09:20:57 AM,300.85,0,0.0,62217275.0
09:20:57 AM,300.85,25,7521.250000000001,62224796.25
09:20:58 AM,300.9,0,0.0,62224796.25
09:20:59 AM,303.0,0,0.0,62224796.25
09:20:59 AM,302.6,375,113475.00000000001,62338271.25
09:21:00 AM,303.15,0,0.0,62338271.25
09:21:01 AM,303.0,475,143925.0,62482196.25
09:21:02 AM,301.1,0,0.0,62482196.25
09:21:02 AM,302.0,525,158550.0,62640746.25
09:21:03 AM,301.55,0,0.0,62640746.25
09:21:04 AM,300.9,0,0.0,62640746.25
09:21:04 AM,300.9,1700,511529.99999999994,63152276.25
09:21:05 AM,300.95,0,0.0,63152276.25
09:21:06 AM,302.0,225,67950.0,63220226.25
09:21:07 AM,303.4,275,83435.0,63303661.25
09:21:08 AM,303.35,0,0.0,63303661.25
09:21:09 AM,304.8,0,0.0,63303661.25
09:21:09 AM,305.1,625,190687.5,63494348.75
09:21:11 AM,306.35,275,84246.25,63578595.0
09:21:12 AM,305.1,0,0.0,63578595.0
09:21:12 AM,305.1,325,99157.50000000001,63677752.5
09:21:14 AM,305.6,0,0.0,63677752.5
09:21:14 AM,305.15,100,30514.999999999996,63708267.5
09:21:15 AM,304.3,0,0.0,63708267.5
09:21:16 AM,305.0,75,22875.0,63731142.5
09:21:16 AM,304.05,0,0.0,63731142.5
09:21:17 AM,303.65,0,0.0,63731142.5
09:21:17 AM,303.65,50,15182.499999999998,63746325.0
09:21:18 AM,302.8,0,0.0,63746325.0
09:21:19 AM,302.25,0,0.0,63746325.0
09:21:19 AM,302.25,200,60450.0,63806775.0
09:21:20 AM,300.55,0,0.0,63806775.0
09:21:21 AM,300.15,1875,562781.25,64369556.25
09:21:22 AM,300.8,0,0.0,64369556.25
09:21:22 AM,300.8,100,30080.0,64399636.25
09:21:23 AM,302.05,0,0.0,64399636.25
09:21:24 AM,302.05,50,15102.5,64414738.75
09:21:25 AM,303.05,0,0.0,64414738.75
09:21:26 AM,302.9,150,45435.0,64460173.75
09:21:27 AM,302.5,0,0.0,64460173.75
09:21:27 AM,301.65,50,15082.499999999998,64475256.25
09:21:28 AM,300.9,0,0.0,64475256.25
09:21:29 AM,302.25,0,0.0,64475256.25
09:21:29 AM,302.25,2100,634725.0,65109981.25
09:21:30 AM,301.95,0,0.0,65109981.25
09:21:31 AM,302.5,300,90750.0,65200731.25
09:21:32 AM,305.1,0,0.0,65200731.25
09:21:32 AM,305.1,50,15255.000000000002,65215986.25
09:21:34 AM,305.25,500,152625.0,65368611.25
09:21:35 AM,305.0,0,0.0,65368611.25
09:21:36 AM,303.2,175,53060.0,65421671.25
09:21:37 AM,302.3,0,0.0,65421671.25
09:21:37 AM,301.8,50,15090.0,65436761.25
09:21:38 AM,301.4,0,0.0,65436761.25
09:21:39 AM,301.4,125,37675.0,65474436.25
09:21:39 AM,301.2,0,0.0,65474436.25
09:21:41 AM,301.6,0,0.0,65474436.25
09:21:41 AM,302.0,450,135900.0,65610336.25
09:21:41 AM,301.7,0,0.0,65610336.25
09:21:42 AM,301.55,0,0.0,65610336.25
09:21:42 AM,301.55,100,30155.0,65640491.25
09:21:47 AM,302.55,25,7563.75,65648055.0
09:21:48 AM,301.0,0,0.0,65648055.0
09:21:49 AM,302.0,2075,626650.0,66274705.0
09:21:51 AM,300.85,0,0.0,66274705.0
09:21:52 AM,300.85,25,7521.250000000001,66282226.25
09:21:53 AM,302.5,0,0.0,66282226.25
09:21:54 AM,303.65,0,0.0,66282226.25
09:21:54 AM,303.65,75,22773.75,66305000.0
09:21:56 AM,302.8,0,0.0,66305000.0
09:21:56 AM,302.8,25,7570.0,66312570.0
09:21:59 AM,300.0,0,0.0,66312570.0
09:22:00 AM,298.2,0,0.0,66312570.0
09:22:01 AM,298.2,1125,335475.0,66648045.0
09:22:01 AM,299.0,0,0.0,66648045.0
09:22:02 AM,298.0,1975,588550.0,67236595.0
09:22:04 AM,298.6,0,0.0,67236595.0
09:22:04 AM,298.6,50,14930.000000000002,67251525.0
09:22:05 AM,299.55,0,0.0,67251525.0
09:22:06 AM,299.05,0,0.0,67251525.0
09:22:06 AM,299.05,100,29905.0,67281430.0
09:22:07 AM,299.95,0,0.0,67281430.0
09:22:07 AM,299.95,25,7498.75,67288928.75
09:22:08 AM,300.6,0,0.0,67288928.75
09:22:09 AM,300.65,0,0.0,67288928.75
09:22:09 AM,300.65,75,22548.75,67311477.5
09:22:10 AM,299.65,0,0.0,67311477.5
09:22:11 AM,299.65,100,29964.999999999996,67341442.5
09:22:12 AM,299.0,0,0.0,67341442.5
09:22:12 AM,299.0,625,186875.0,67528317.5
09:22:14 AM,299.0,100,29900.0,67558217.5
09:22:15 AM,298.8,0,0.0,67558217.5
09:22:16 AM,298.4,325,96979.99999999999,67655197.5
09:22:16 AM,298.0,0,0.0,67655197.5
09:22:17 AM,300.0,0,0.0,67655197.5
09:22:17 AM,301.35,1175,354086.25,68009283.75
09:22:19 AM,300.5,0,0.0,68009283.75
09:22:19 AM,300.5,75,22537.5,68031821.25
09:22:24 AM,300.2,0,0.0,68031821.25
09:22:24 AM,300.2,75,22515.0,68054336.25
09:22:25 AM,300.1,0,0.0,68054336.25
09:22:26 AM,301.9,250,75475.0,68129811.25
09:22:26 AM,302.8,0,0.0,68129811.25
09:22:27 AM,302.5,0,0.0,68129811.25
09:22:28 AM,302.5,650,196625.0,68326436.25
09:22:29 AM,300.8,0,0.0,68326436.25
09:22:29 AM,300.7,0,0.0,68326436.25
09:22:29 AM,300.7,125,37587.5,68364023.75
09:22:30 AM,300.35,0,0.0,68364023.75
09:22:31 AM,300.0,150,45000.0,68409023.75
09:22:33 AM,299.9,0,0.0,68409023.75
09:22:33 AM,299.9,200,59979.99999999999,68469003.75
09:22:33 AM,300.2,0,0.0,68469003.75
09:22:34 AM,301.95,0,0.0,68469003.75
09:22:34 AM,301.95,250,75487.5,68544491.25
09:22:35 AM,302.4,0,0.0,68544491.25
09:22:36 AM,303.85,0,0.0,68544491.25
09:22:36 AM,303.85,1425,432986.25000000006,68977477.5
09:22:37 AM,304.05,0,0.0,68977477.5
09:22:38 AM,304.05,125,38006.25,69015483.75
09:22:39 AM,303.3,0,0.0,69015483.75
09:22:39 AM,304.35,1100,334785.0,69350268.75
09:22:40 AM,305.0,0,0.0,69350268.75
09:22:41 AM,303.55,0,0.0,69350268.75
09:22:41 AM,303.55,450,136597.5,69486866.25
09:22:42 AM,302.5,0,0.0,69486866.25
09:22:43 AM,302.5,550,166375.0,69653241.25
09:22:44 AM,300.0,0,0.0,69653241.25
09:22:44 AM,300.0,75,22500.0,69675741.25
09:22:47 AM,301.0,0,0.0,69675741.25
09:22:48 AM,301.0,25,7525.0,69683266.25
09:22:48 AM,299.7,0,0.0,69683266.25
09:22:49 AM,299.45,0,0.0,69683266.25
09:22:49 AM,299.5,350,104825.0,69788091.25
09:22:51 AM,299.25,0,0.0,69788091.25
09:22:51 AM,299.25,150,44887.5,69832978.75
09:22:52 AM,297.35,0,0.0,69832978.75
09:22:53 AM,297.35,825,245313.75000000003,70078292.5
09:22:53 AM,297.0,0,0.0,70078292.5
09:22:54 AM,295.0,0,0.0,70078292.5
09:22:54 AM,295.0,3350,988250.0,71066542.5
09:22:55 AM,296.3,0,0.0,71066542.5
09:22:56 AM,294.3,75,22072.5,71088615.0
09:22:58 AM,291.6,700,204120.00000000003,71292735.0
09:22:58 AM,292.4,0,0.0,71292735.0
09:22:59 AM,293.0,0,0.0,71292735.0
09:22:59 AM,291.15,375,109181.24999999999,71401916.25
09:23:00 AM,293.4,0,0.0,71401916.25
09:23:01 AM,293.4,425,124694.99999999999,71526611.25
09:23:01 AM,291.1,0,0.0,71526611.25
09:23:02 AM,291.0,0,0.0,71526611.25
09:23:03 AM,293.1,1150,337065.0,71863676.25
09:23:03 AM,292.55,0,0.0,71863676.25
09:23:04 AM,292.45,0,0.0,71863676.25
09:23:04 AM,292.6,1100,321860.0,72185536.25
09:23:05 AM,291.6,0,0.0,72185536.25
09:23:06 AM,290.95,1100,320045.0,72505581.25
09:23:06 AM,291.65,0,0.0,72505581.25
09:23:07 AM,291.7,0,0.0,72505581.25
09:23:08 AM,291.0,225,65475.0,72571056.25
09:23:09 AM,291.2,0,0.0,72571056.25
09:23:09 AM,291.25,375,109218.75,72680275.0
09:23:10 AM,291.65,0,0.0,72680275.0
09:23:11 AM,292.7,0,0.0,72680275.0
09:23:11 AM,292.7,1250,365875.0,73046150.0
09:23:12 AM,293.0,0,0.0,73046150.0
09:23:13 AM,293.0,425,124525.0,73170675.0
09:23:14 AM,293.2,0,0.0,73170675.0
09:23:14 AM,292.55,0,0.0,73170675.0
09:23:14 AM,292.55,50,14627.5,73185302.5
09:23:16 AM,292.25,0,0.0,73185302.5
09:23:17 AM,294.2,0,0.0,73185302.5
09:23:18 AM,294.2,975,286845.0,73472147.5
09:23:18 AM,294.5,0,0.0,73472147.5
09:23:19 AM,294.85,0,0.0,73472147.5
09:23:19 AM,294.85,375,110568.75000000001,73582716.25
09:23:20 AM,294.8,0,0.0,73582716.25
09:23:21 AM,293.95,125,36743.75,73619460.0
09:23:21 AM,293.65,0,0.0,73619460.0
09:23:22 AM,293.75,0,0.0,73619460.0
09:23:23 AM,295.6,2000,591200.0,74210660.0
09:23:23 AM,295.4,0,0.0,74210660.0
09:23:24 AM,294.45,0,0.0,74210660.0
09:23:24 AM,294.45,3125,920156.25,75130816.25
09:23:25 AM,294.0,0,0.0,75130816.25
09:23:26 AM,292.75,1200,351300.0,75482116.25
09:23:27 AM,293.0,0,0.0,75482116.25
09:23:28 AM,292.3,175,51152.5,75533268.75
09:23:29 AM,294.6,0,0.0,75533268.75
09:23:29 AM,294.6,175,51555.00000000001,75584823.75
09:23:30 AM,294.8,0,0.0,75584823.75
09:23:31 AM,295.6,0,0.0,75584823.75
09:23:31 AM,295.6,525,155190.0,75740013.75
09:23:32 AM,296.0,0,0.0,75740013.75
09:23:33 AM,294.35,75,22076.25,75762090.0
09:23:33 AM,294.0,0,0.0,75762090.0
09:23:34 AM,294.45,0,0.0,75762090.0
09:23:34 AM,293.15,225,65958.75,75828048.75
09:23:36 AM,293.2,25,7330.0,75835378.75
09:23:40 AM,297.3,0,0.0,75835378.75
09:23:40 AM,297.45,0,0.0,75835378.75
09:23:41 AM,297.45,100,29745.0,75865123.75
09:23:42 AM,299.1,0,0.0,75865123.75
09:23:43 AM,299.1,1925,575767.5,76440891.25
09:23:43 AM,300.8,0,0.0,76440891.25
09:23:44 AM,302.25,0,0.0,76440891.25
09:23:44 AM,302.3,375,113362.5,76554253.75
09:23:45 AM,305.0,0,0.0,76554253.75
09:23:46 AM,304.85,0,0.0,76554253.75
09:23:46 AM,304.85,400,121940.00000000001,76676193.75
09:23:47 AM,305.85,0,0.0,76676193.75
09:23:48 AM,305.8,7500,2293500.0,78969693.75
09:23:49 AM,302.4,0,0.0,78969693.75
09:23:49 AM,302.4,550,166320.0,79136013.75
09:23:50 AM,301.65,0,0.0,79136013.75
09:23:51 AM,301.5,200,60300.0,79196313.75
09:23:52 AM,300.8,0,0.0,79196313.75
09:23:53 AM,300.8,175,52640.0,79248953.75
09:23:54 AM,302.05,0,0.0,79248953.75
09:23:54 AM,301.8,100,30180.0,79279133.75
09:23:55 AM,301.65,0,0.0,79279133.75
09:23:56 AM,303.25,125,37906.25,79317040.0
09:23:57 AM,300.0,0,0.0,79317040.0
09:23:58 AM,299.35,175,52386.25000000001,79369426.25
09:23:58 AM,299.65,0,0.0,79369426.25
09:23:59 AM,298.5,0,0.0,79369426.25
09:23:59 AM,298.5,2500,746250.0,80115676.25
09:24:00 AM,297.15,0,0.0,80115676.25
09:24:01 AM,296.55,1925,570858.75,80686535.0
09:24:02 AM,295.2,0,0.0,80686535.0
09:24:03 AM,295.2,925,273060.0,80959595.0
09:24:04 AM,293.0,0,0.0,80959595.0
09:24:04 AM,292.45,325,95046.25,81054641.25
09:24:05 AM,291.95,0,0.0,81054641.25
09:24:06 AM,291.2,850,247520.0,81302161.25
09:24:07 AM,292.0,0,0.0,81302161.25
09:24:08 AM,291.9,1200,350280.0,81652441.25
09:24:09 AM,291.9,200,58379.99999999999,81710821.25
09:24:10 AM,292.35,0,0.0,81710821.25
09:24:11 AM,292.35,50,14617.500000000002,81725438.75
09:24:11 AM,292.7,0,0.0,81725438.75
09:24:12 AM,291.85,0,0.0,81725438.75
09:24:13 AM,291.85,1925,561811.25,82287250.0
09:24:14 AM,293.15,0,0.0,82287250.0
09:24:14 AM,293.7,75,22027.5,82309277.5
09:24:16 AM,291.9,800,233519.99999999997,82542797.5
09:24:17 AM,291.45,0,0.0,82542797.5
09:24:18 AM,291.2,425,123760.0,82666557.5
09:24:18 AM,289.6,0,0.0,82666557.5
09:24:19 AM,289.7,0,0.0,82666557.5
09:24:19 AM,290.4,2725,791339.9999999999,83457897.5
09:24:20 AM,289.5,0,0.0,83457897.5
09:24:21 AM,291.1,0,0.0,83457897.5
09:24:21 AM,291.1,225,65497.50000000001,83523395.0
09:24:22 AM,291.15,0,0.0,83523395.0
09:24:23 AM,291.15,2000,582300.0,84105695.0
09:24:24 AM,290.15,0,0.0,84105695.0
09:24:24 AM,290.15,50,14507.499999999998,84120202.5
09:24:26 AM,292.25,25,7306.25,84127508.75
09:24:27 AM,289.85,0,0.0,84127508.75
09:24:28 AM,289.15,5275,1525266.2499999998,85652775.0
09:24:28 AM,290.15,0,0.0,85652775.0
09:24:29 AM,290.35,0,0.0,85652775.0
09:24:29 AM,289.7,1150,333155.0,85985930.0
09:24:30 AM,289.3,0,0.0,85985930.0
09:24:31 AM,289.35,0,0.0,85985930.0
09:24:31 AM,289.35,325,94038.75000000001,86079968.75
09:24:32 AM,290.05,0,0.0,86079968.75
09:24:33 AM,289.2,175,50610.0,86130578.75
09:24:33 AM,288.9,0,0.0,86130578.75
09:24:34 AM,288.75,0,0.0,86130578.75
09:24:34 AM,289.65,3250,941362.4999999999,87071941.25
09:24:36 AM,290.55,0,0.0,87071941.25
09:24:36 AM,290.3,975,283042.5,87354983.75
09:24:38 AM,289.0,725,209525.0,87564508.75
09:24:38 AM,288.3,0,0.0,87564508.75
09:24:39 AM,287.95,0,0.0,87564508.75
09:24:39 AM,287.95,425,122378.75,87686887.5
09:24:40 AM,289.0,0,0.0,87686887.5
09:24:41 AM,287.75,0,0.0,87686887.5
09:24:41 AM,287.75,825,237393.75,87924281.25
09:24:42 AM,289.6,0,0.0,87924281.25
09:24:43 AM,290.2,300,87060.0,88011341.25
09:24:44 AM,289.1,0,0.0,88011341.25
09:24:44 AM,288.5,900,259650.0,88270991.25
09:24:46 AM,287.95,750,215962.5,88486953.75
09:24:47 AM,287.25,0,0.0,88486953.75
09:24:48 AM,287.85,200,57570.00000000001,88544523.75
09:24:49 AM,288.9,0,0.0,88544523.75
09:24:49 AM,290.6,400,116240.00000000001,88660763.75
09:24:51 AM,290.0,0,0.0,88660763.75
09:24:51 AM,290.0,50,14500.0,88675263.75
09:24:52 AM,288.85,0,0.0,88675263.75
09:24:53 AM,288.85,50,14442.500000000002,88689706.25
09:24:53 AM,288.0,0,0.0,88689706.25
09:24:54 AM,287.0,0,0.0,88689706.25
09:24:54 AM,286.0,325,92950.0,88782656.25
09:24:55 AM,284.6,0,0.0,88782656.25
09:24:56 AM,285.7,0,0.0,88782656.25
09:24:56 AM,285.7,1225,349982.5,89132638.75
09:24:57 AM,287.85,0,0.0,89132638.75
09:24:58 AM,287.35,450,129307.50000000001,89261946.25
09:24:59 AM,289.1,0,0.0,89261946.25
09:24:59 AM,289.1,1825,527607.5,89789553.75
09:25:00 AM,289.95,0,0.0,89789553.75
09:25:01 AM,289.15,0,0.0,89789553.75
09:25:01 AM,289.55,325,94103.75,89883657.5
09:25:02 AM,291.6,0,0.0,89883657.5
09:25:03 AM,290.65,625,181656.25,90065313.75
09:25:04 AM,290.1,0,0.0,90065313.75
09:25:04 AM,290.2,1450,420790.0,90486103.75
09:25:06 AM,290.8,50,14540.0,90500643.75
09:25:07 AM,291.35,0,0.0,90500643.75
09:25:08 AM,291.35,50,14567.500000000002,90515211.25
09:25:08 AM,291.9,0,0.0,90515211.25
09:25:09 AM,291.9,25,7297.499999999999,90522508.75
09:25:10 AM,292.6,0,0.0,90522508.75
09:25:11 AM,292.4,0,0.0,90522508.75
09:25:11 AM,292.4,1275,372810.0,90895318.75
09:25:12 AM,290.4,0,0.0,90895318.75
09:25:13 AM,290.4,75,21780.0,90917098.75
09:25:13 AM,291.6,0,0.0,90917098.75
09:25:14 AM,291.05,0,0.0,90917098.75
09:25:14 AM,291.2,200,58240.0,90975338.75
09:25:15 AM,291.65,0,0.0,90975338.75
09:25:16 AM,294.0,0,0.0,90975338.75
09:25:16 AM,294.0,2650,779100.0,91754438.75
09:25:17 AM,293.7,0,0.0,91754438.75
09:25:18 AM,294.0,325,95550.0,91849988.75
09:25:18 AM,294.45,0,0.0,91849988.75
09:25:19 AM,295.0,0,0.0,91849988.75
09:25:19 AM,295.7,1950,576615.0,92426603.75
09:25:20 AM,295.8,0,0.0,92426603.75
09:25:21 AM,295.0,750,221250.0,92647853.75
09:25:22 AM,296.0,0,0.0,92647853.75
09:25:23 AM,297.25,1025,304681.25,92952535.0
09:25:23 AM,298.25,0,0.0,92952535.0
09:25:24 AM,300.0,0,0.0,92952535.0
09:25:24 AM,299.75,800,239800.0,93192335.0
09:25:25 AM,302.35,0,0.0,93192335.0
09:25:26 AM,303.75,1300,394875.0,93587210.0
09:25:27 AM,302.45,0,0.0,93587210.0
09:25:28 AM,301.9,650,196234.99999999997,93783445.0
09:25:28 AM,301.6,0,0.0,93783445.0
09:25:29 AM,300.7,0,0.0,93783445.0
09:25:29 AM,300.35,825,247788.75000000003,94031233.75
09:25:30 AM,299.0,0,0.0,94031233.75
09:25:31 AM,299.0,150,44850.0,94076083.75
09:25:32 AM,298.85,0,0.0,94076083.75
09:25:32 AM,298.95,0,0.0,94076083.75
09:25:33 AM,298.95,1225,366213.75,94442297.5
09:25:34 AM,298.75,0,0.0,94442297.5
09:25:34 AM,298.7,200,59740.0,94502037.5
09:25:36 AM,297.05,0,0.0,94502037.5
09:25:36 AM,297.0,350,103950.0,94605987.5
09:25:37 AM,296.1,0,0.0,94605987.5
09:25:38 AM,296.8,475,140980.0,94746967.5
09:25:39 AM,296.3,0,0.0,94746967.5
09:25:39 AM,296.3,4500,1333350.0,96080317.5
09:25:40 AM,295.8,0,0.0,96080317.5
09:25:41 AM,296.35,0,0.0,96080317.5
09:25:41 AM,297.1,375,111412.50000000001,96191730.0
09:25:44 AM,296.45,0,0.0,96191730.0
09:25:44 AM,296.45,300,88935.0,96280665.0
09:25:45 AM,295.0,0,0.0,96280665.0
09:25:46 AM,295.0,450,132750.0,96413415.0
09:25:47 AM,295.4,0,0.0,96413415.0
09:25:48 AM,295.4,25,7384.999999999999,96420800.0
09:25:51 AM,296.45,0,0.0,96420800.0
09:25:51 AM,296.45,75,22233.75,96443033.75
09:25:53 AM,296.45,550,163047.5,96606081.25
09:25:53 AM,296.0,0,0.0,96606081.25
09:25:54 AM,296.0,25,7400.0,96613481.25
09:25:55 AM,296.85,0,0.0,96613481.25
09:25:55 AM,296.8,0,0.0,96613481.25
09:25:56 AM,297.35,0,0.0,96613481.25
09:25:56 AM,297.35,175,52036.25000000001,96665517.5
09:25:57 AM,297.5,0,0.0,96665517.5
09:25:58 AM,297.3,325,96622.5,96762140.0
09:25:59 AM,298.4,0,0.0,96762140.0
09:25:59 AM,298.5,125,37312.5,96799452.5
09:26:00 AM,301.6,0,0.0,96799452.5
09:26:01 AM,301.85,0,0.0,96799452.5
09:26:01 AM,303.0,1500,454500.0,97253952.5
09:26:02 AM,303.9,0,0.0,97253952.5
09:26:03 AM,301.35,50,15067.500000000002,97269020.0
09:26:04 AM,302.75,0,0.0,97269020.0
09:26:04 AM,301.15,125,37643.75,97306663.75
09:26:05 AM,302.55,0,0.0,97306663.75
09:26:06 AM,303.0,0,0.0,97306663.75
09:26:06 AM,303.0,875,265125.0,97571788.75
09:26:07 AM,301.6,0,0.0,97571788.75
09:26:08 AM,301.1,1125,338737.5,97910526.25
09:26:08 AM,301.35,0,0.0,97910526.25
09:26:09 AM,301.95,0,0.0,97910526.25
09:26:09 AM,301.7,150,45255.0,97955781.25
09:26:10 AM,300.9,0,0.0,97955781.25
09:26:11 AM,301.6,0,0.0,97955781.25
09:26:11 AM,301.6,150,45240.0,98001021.25
09:26:12 AM,301.15,0,0.0,98001021.25
09:26:13 AM,300.65,250,75162.5,98076183.75
09:26:14 AM,302.25,0,0.0,98076183.75
09:26:14 AM,301.75,150,45262.5,98121446.25
09:26:16 AM,302.0,0,0.0,98121446.25
09:26:16 AM,302.0,275,83050.0,98204496.25
09:26:17 AM,303.35,0,0.0,98204496.25
09:26:18 AM,305.0,1500,457500.0,98661996.25
09:26:19 AM,307.05,0,0.0,98661996.25
09:26:19 AM,307.05,625,191906.25,98853902.5
09:26:20 AM,306.2,0,0.0,98853902.5
09:26:21 AM,305.85,0,0.0,98853902.5
09:26:21 AM,305.85,650,198802.50000000003,99052705.0
09:26:22 AM,304.95,0,0.0,99052705.0
09:26:23 AM,304.4,675,205469.99999999997,99258175.0
09:26:23 AM,303.35,0,0.0,99258175.0
09:26:24 AM,304.0,0,0.0,99258175.0
09:26:24 AM,303.6,6600,2003760.0000000002,101261935.0
09:26:25 AM,304.65,0,0.0,101261935.0
09:26:26 AM,304.65,375,114243.74999999999,101376178.75
09:26:27 AM,305.5,0,0.0,101376178.75
09:26:28 AM,304.85,100,30485.000000000004,101406663.75
09:26:31 AM,304.2,0,0.0,101406663.75
09:26:31 AM,304.2,25,7605.0,101414268.75
09:26:33 AM,306.0,0,0.0,101414268.75
09:26:34 AM,306.5,0,0.0,101414268.75
09:26:34 AM,306.5,750,229875.0,101644143.75
09:26:35 AM,306.8,0,0.0,101644143.75
09:26:36 AM,306.55,0,0.0,101644143.75
09:26:36 AM,306.55,475,145611.25,101789755.0
09:26:37 AM,306.25,0,0.0,101789755.0
09:26:38 AM,306.35,200,61270.00000000001,101851025.0
09:26:39 AM,305.1,0,0.0,101851025.0
09:26:39 AM,305.1,400,122040.00000000001,101973065.0
09:26:41 AM,305.75,0,0.0,101973065.0
09:26:41 AM,305.75,300,91725.0,102064790.0
09:26:42 AM,306.85,0,0.0,102064790.0
09:26:43 AM,306.85,1425,437261.25000000006,102502051.25
09:26:44 AM,305.35,0,0.0,102502051.25
09:26:44 AM,303.8,1900,577220.0,103079271.25
09:26:46 AM,304.75,0,0.0,103079271.25
09:26:46 AM,304.75,150,45712.5,103124983.75
09:26:47 AM,304.35,0,0.0,103124983.75
09:26:48 AM,304.85,175,53348.75000000001,103178332.5
09:26:49 AM,305.8,0,0.0,103178332.5
09:26:49 AM,305.8,25,7645.0,103185977.5
09:26:51 AM,305.75,0,0.0,103185977.5
09:26:51 AM,305.75,25,7643.75,103193621.25
09:26:53 AM,304.7,25,7617.5,103201238.75
09:26:54 AM,302.95,0,0.0,103201238.75
09:26:54 AM,302.95,100,30295.0,103231533.75
09:26:55 AM,301.75,0,0.0,103231533.75
09:26:56 AM,302.0,0,0.0,103231533.75
09:26:56 AM,302.0,1000,302000.0,103533533.75
09:26:57 AM,301.6,0,0.0,103533533.75
09:26:58 AM,301.4,75,22605.0,103556138.75
09:26:59 AM,301.5,0,0.0,103556138.75
09:26:59 AM,301.9,175,52832.49999999999,103608971.25
09:27:00 AM,302.5,0,0.0,103608971.25
09:27:01 AM,301.65,0,0.0,103608971.25
09:27:01 AM,301.65,2300,693795.0,104302766.25
09:27:02 AM,302.35,0,0.0,104302766.25
09:27:03 AM,302.35,150,45352.5,104348118.75
09:27:03 AM,303.2,0,0.0,104348118.75
09:27:04 AM,303.65,0,0.0,104348118.75
09:27:04 AM,303.65,200,60729.99999999999,104408848.75
09:27:05 AM,303.25,0,0.0,104408848.75
09:27:06 AM,303.0,0,0.0,104408848.75
09:27:06 AM,302.35,225,68028.75,104476877.5
09:27:07 AM,301.7,0,0.0,104476877.5
09:27:08 AM,301.7,175,52797.5,104529675.0
09:27:09 AM,301.2,0,0.0,104529675.0
09:27:09 AM,301.8,0,0.0,104529675.0
09:27:09 AM,301.0,850,255850.0,104785525.0
09:27:10 AM,300.0,0,0.0,104785525.0
09:27:11 AM,299.85,0,0.0,104785525.0
09:27:11 AM,299.85,800,239880.00000000003,105025405.0
09:27:12 AM,298.85,0,0.0,105025405.0
09:27:13 AM,297.7,200,59540.0,105084945.0
09:27:14 AM,299.45,0,0.0,105084945.0
09:27:14 AM,298.85,75,22413.75,105107358.75
09:27:15 AM,298.9,0,0.0,105107358.75
09:27:16 AM,297.05,0,0.0,105107358.75
09:27:16 AM,297.05,550,163377.5,105270736.25
09:27:17 AM,296.95,0,0.0,105270736.25
09:27:18 AM,297.1,75,22282.5,105293018.75
09:27:19 AM,297.95,0,0.0,105293018.75
09:27:19 AM,297.95,650,193667.5,105486686.25
09:27:20 AM,298.0,0,0.0,105486686.25
09:27:21 AM,298.0,325,96850.0,105583536.25
09:27:21 AM,297.6,0,0.0,105583536.25
09:27:22 AM,299.05,0,0.0,105583536.25
09:27:23 AM,297.4,1475,438664.99999999994,106022201.25
09:27:24 AM,297.0,0,0.0,106022201.25
09:27:24 AM,297.0,300,89100.0,106111301.25
09:27:25 AM,297.85,0,0.0,106111301.25
09:27:26 AM,298.4,0,0.0,106111301.25
09:27:26 AM,298.4,200,59679.99999999999,106170981.25
09:27:27 AM,297.7,0,0.0,106170981.25
09:27:28 AM,297.05,225,66836.25,106237817.5
09:27:29 AM,300.55,0,0.0,106237817.5
09:27:30 AM,299.7,1525,457042.5,106694860.0
09:27:31 AM,301.25,0,0.0,106694860.0
09:27:31 AM,301.25,100,30125.0,106724985.0
09:27:32 AM,300.0,0,0.0,106724985.0
09:27:33 AM,300.0,100,30000.0,106754985.0
09:27:33 AM,298.45,0,0.0,106754985.0
09:27:34 AM,299.2,0,0.0,106754985.0
09:27:35 AM,299.2,825,246840.0,107001825.0
09:27:36 AM,299.65,0,0.0,107001825.0
09:27:36 AM,299.65,25,7491.249999999999,107009316.25
09:27:38 AM,299.55,0,0.0,107009316.25
09:27:38 AM,300.75,50,15037.5,107024353.75
09:27:38 AM,301.5,0,0.0,107024353.75
09:27:39 AM,301.85,0,0.0,107024353.75
09:27:40 AM,301.8,275,82995.0,107107348.75
09:27:40 AM,302.25,0,0.0,107107348.75
09:27:41 AM,302.85,0,0.0,107107348.75
09:27:41 AM,302.15,2250,679837.5,107787186.25
09:27:42 AM,301.95,0,0.0,107787186.25
09:27:43 AM,307.0,1250,383750.0,108170936.25
09:27:43 AM,308.0,0,0.0,108170936.25
09:27:44 AM,311.15,0,0.0,108170936.25
09:27:45 AM,310.15,5600,1736839.9999999998,109907776.25
09:27:45 AM,309.6,0,0.0,109907776.25
09:27:46 AM,308.7,0,0.0,109907776.25
09:27:46 AM,308.05,1150,354257.5,110262033.75
09:27:47 AM,307.5,0,0.0,110262033.75
09:27:48 AM,305.45,1075,328358.75,110590392.5
09:27:48 AM,305.0,0,0.0,110590392.5
09:27:49 AM,304.05,0,0.0,110590392.5
09:27:50 AM,303.5,375,113812.5,110704205.0
09:27:50 AM,305.15,0,0.0,110704205.0
09:27:51 AM,304.95,0,0.0,110704205.0
09:27:51 AM,304.95,1825,556533.75,111260738.75
09:27:52 AM,305.4,0,0.0,111260738.75
09:27:53 AM,303.3,825,250222.5,111510961.25
09:27:54 AM,306.1,0,0.0,111510961.25
09:27:55 AM,307.0,800,245600.0,111756561.25
09:27:56 AM,305.25,0,0.0,111756561.25
09:27:56 AM,305.25,50,15262.5,111771823.75
09:27:57 AM,305.95,0,0.0,111771823.75
09:27:58 AM,305.95,50,15297.5,111787121.25
09:27:59 AM,305.1,0,0.0,111787121.25
09:28:00 AM,304.15,150,45622.5,111832743.75
09:28:00 AM,303.85,0,0.0,111832743.75
09:28:01 AM,305.35,0,0.0,111832743.75
09:28:01 AM,303.55,875,265606.25,112098350.0
09:28:02 AM,301.9,0,0.0,112098350.0
09:28:03 AM,301.3,1500,451950.0,112550300.0
09:28:04 AM,303.15,0,0.0,112550300.0
09:28:05 AM,303.15,200,60629.99999999999,112610930.0
09:28:06 AM,301.9,0,0.0,112610930.0
09:28:06 AM,302.0,0,0.0,112610930.0
09:28:06 AM,302.1,375,113287.50000000001,112724217.5
09:28:07 AM,303.4,0,0.0,112724217.5
09:28:08 AM,305.05,75,22878.75,112747096.25
09:28:09 AM,302.85,0,0.0,112747096.25
09:28:10 AM,301.45,75,22608.75,112769705.0
09:28:10 AM,301.95,0,0.0,112769705.0
09:28:11 AM,301.9,0,0.0,112769705.0
09:28:11 AM,304.0,225,68400.0,112838105.0
09:28:13 AM,304.9,125,38112.5,112876217.5
09:28:14 AM,305.55,0,0.0,112876217.5
09:28:15 AM,305.5,475,145112.5,113021330.0
09:28:15 AM,304.6,0,0.0,113021330.0
09:28:16 AM,302.75,0,0.0,113021330.0
09:28:16 AM,302.05,700,211435.0,113232765.0
09:28:17 AM,302.5,0,0.0,113232765.0
09:28:18 AM,302.65,225,68096.25,113300861.25
09:28:19 AM,303.3,0,0.0,113300861.25
09:28:20 AM,301.7,225,67882.5,113368743.75
09:28:20 AM,300.8,0,0.0,113368743.75
09:28:21 AM,300.7,0,0.0,113368743.75
09:28:21 AM,300.7,225,67657.5,113436401.25
09:28:22 AM,300.0,0,0.0,113436401.25
09:28:23 AM,301.0,2225,669725.0,114106126.25
09:28:24 AM,301.15,0,0.0,114106126.25
09:28:25 AM,301.15,275,82816.25,114188942.5
09:28:25 AM,304.05,0,0.0,114188942.5
09:28:26 AM,304.0,0,0.0,114188942.5
09:28:26 AM,304.0,125,38000.0,114226942.5
09:28:27 AM,305.7,0,0.0,114226942.5
09:28:28 AM,304.1,875,266087.5,114493030.0
09:28:29 AM,305.55,0,0.0,114493030.0
09:28:30 AM,304.8,75,22860.0,114515890.0
09:28:31 AM,304.45,0,0.0,114515890.0
09:28:31 AM,304.45,250,76112.5,114592002.5
09:28:32 AM,304.7,0,0.0,114592002.5
09:28:33 AM,305.0,200,61000.0,114653002.5
09:28:35 AM,305.0,1050,320250.0,114973252.5
09:28:35 AM,306.1,0,0.0,114973252.5
09:28:36 AM,306.65,0,0.0,114973252.5
09:28:36 AM,306.65,200,61329.99999999999,115034582.5
09:28:37 AM,304.9,0,0.0,115034582.5
09:28:38 AM,304.55,150,45682.5,115080265.0
09:28:38 AM,305.0,0,0.0,115080265.0
09:28:39 AM,306.4,0,0.0,115080265.0
09:28:40 AM,304.9,275,83847.5,115164112.5
09:28:41 AM,307.1,0,0.0,115164112.5
09:28:41 AM,307.1,175,53742.50000000001,115217855.0
09:28:42 AM,304.85,0,0.0,115217855.0
09:28:43 AM,305.8,500,152900.0,115370755.0
09:28:44 AM,304.15,0,0.0,115370755.0
09:28:45 AM,303.65,200,60729.99999999999,115431485.0
09:28:46 AM,302.45,0,0.0,115431485.0
09:28:46 AM,302.1,800,241680.00000000003,115673165.0
09:28:47 AM,303.35,0,0.0,115673165.0
09:28:48 AM,303.3,50,15165.0,115688330.0
09:28:49 AM,303.4,0,0.0,115688330.0
09:28:50 AM,304.75,550,167612.5,115855942.5
09:28:51 AM,302.6,0,0.0,115855942.5
09:28:51 AM,302.6,50,15130.000000000002,115871072.5
09:28:52 AM,307.25,0,0.0,115871072.5
09:28:53 AM,306.15,500,153075.0,116024147.5
09:28:53 AM,305.25,0,0.0,116024147.5
09:28:54 AM,306.7,0,0.0,116024147.5
09:28:55 AM,308.25,275,84768.75,116108916.25
09:28:55 AM,307.05,0,0.0,116108916.25
09:28:56 AM,307.15,0,0.0,116108916.25
09:28:56 AM,307.15,350,107502.49999999999,116216418.75
09:28:57 AM,305.45,0,0.0,116216418.75
09:28:58 AM,306.3,675,206752.5,116423171.25
09:28:59 AM,305.8,0,0.0,116423171.25
09:29:00 AM,306.15,100,30614.999999999996,116453786.25
09:29:00 AM,304.75,0,0.0,116453786.25
09:29:01 AM,304.0,0,0.0,116453786.25
09:29:01 AM,304.0,50,15200.0,116468986.25
09:29:03 AM,306.45,0,0.0,116468986.25
09:29:03 AM,306.45,25,7661.25,116476647.5
09:29:03 AM,306.8,0,0.0,116476647.5
09:29:04 AM,305.05,0,0.0,116476647.5
09:29:05 AM,305.05,650,198282.5,116674930.0
09:29:06 AM,305.95,0,0.0,116674930.0
09:29:06 AM,305.0,0,0.0,116674930.0
09:29:06 AM,305.0,1125,343125.0,117018055.0
09:29:07 AM,307.25,0,0.0,117018055.0
09:29:08 AM,307.3,775,238157.5,117256212.5
09:29:09 AM,308.45,0,0.0,117256212.5
09:29:10 AM,310.6,3125,970625.0000000001,118226837.5
09:29:11 AM,310.7,0,0.0,118226837.5
09:29:11 AM,310.1,675,209317.50000000003,118436155.0
09:29:12 AM,309.5,0,0.0,118436155.0
09:29:13 AM,310.25,2025,628256.25,119064411.25
09:29:14 AM,309.9,0,0.0,119064411.25
09:29:15 AM,309.5,2725,843387.5,119907798.75
09:29:15 AM,311.75,0,0.0,119907798.75
09:29:16 AM,310.6,0,0.0,119907798.75
09:29:16 AM,310.5,1125,349312.5,120257111.25
09:29:17 AM,310.85,0,0.0,120257111.25
09:29:18 AM,309.3,900,278370.0,120535481.25
09:29:18 AM,310.9,0,0.0,120535481.25
09:29:19 AM,309.9,0,0.0,120535481.25
09:29:20 AM,309.9,2900,898709.9999999999,121434191.25
09:29:20 AM,310.45,0,0.0,121434191.25
09:29:21 AM,309.1,0,0.0,121434191.25
09:29:21 AM,309.0,2000,618000.0,122052191.25
09:29:22 AM,308.75,0,0.0,122052191.25
09:29:23 AM,309.1,0,0.0,122052191.25
09:29:23 AM,309.1,775,239552.50000000003,122291743.75
09:29:24 AM,309.0,0,0.0,122291743.75
09:29:25 AM,309.35,1775,549096.25,122840840.0
09:29:25 AM,310.95,0,0.0,122840840.0
09:29:26 AM,309.8,0,0.0,122840840.0
09:29:26 AM,309.15,475,146846.25,122987686.25
09:29:27 AM,309.2,0,0.0,122987686.25
09:29:28 AM,306.55,0,0.0,122987686.25
09:29:28 AM,306.55,2400,735720.0,123723406.25
09:29:29 AM,305.85,0,0.0,123723406.25
09:29:30 AM,308.1,725,223372.50000000003,123946778.75
09:29:30 AM,307.9,0,0.0,123946778.75
09:29:31 AM,307.05,0,0.0,123946778.75
09:29:31 AM,307.05,425,130496.25,124077275.0
09:29:32 AM,305.75,0,0.0,124077275.0
09:29:33 AM,307.4,0,0.0,124077275.0
09:29:33 AM,307.4,100,30739.999999999996,124108015.0
09:29:34 AM,306.95,0,0.0,124108015.0
09:29:35 AM,306.3,775,237382.5,124345397.5
09:29:35 AM,306.0,0,0.0,124345397.5
09:29:36 AM,306.95,0,0.0,124345397.5
09:29:36 AM,306.95,700,214865.0,124560262.5
09:29:37 AM,309.1,0,0.0,124560262.5
09:29:38 AM,309.15,0,0.0,124560262.5
09:29:38 AM,309.15,150,46372.5,124606635.0
09:29:39 AM,310.95,0,0.0,124606635.0
09:29:40 AM,310.95,525,163248.75,124769883.75
09:29:40 AM,311.75,0,0.0,124769883.75
09:29:41 AM,312.2,0,0.0,124769883.75
09:29:41 AM,312.2,1125,351225.0,125121108.75
09:29:42 AM,312.45,0,0.0,125121108.75
09:29:43 AM,310.4,0,0.0,125121108.75
09:29:43 AM,310.4,2475,768240.0,125889348.75
09:29:44 AM,310.25,0,0.0,125889348.75
09:29:45 AM,310.1,325,100782.50000000001,125990131.25
09:29:45 AM,310.95,0,0.0,125990131.25
09:29:46 AM,310.1,0,0.0,125990131.25
09:29:46 AM,310.8,325,101010.0,126091141.25
09:29:47 AM,311.1,0,0.0,126091141.25
09:29:48 AM,310.45,0,0.0,126091141.25
09:29:48 AM,310.45,450,139702.5,126230843.75
09:29:49 AM,310.25,0,0.0,126230843.75
09:29:50 AM,310.75,1175,365131.25,126595975.0
09:29:50 AM,311.35,0,0.0,126595975.0
09:29:51 AM,311.25,0,0.0,126595975.0
09:29:51 AM,311.25,325,101156.25,126697131.25
09:29:52 AM,311.65,0,0.0,126697131.25
09:29:53 AM,311.65,200,62329.99999999999,126759461.25
09:29:54 AM,311.85,0,0.0,126759461.25
09:29:55 AM,310.1,250,77525.0,126836986.25
09:29:55 AM,311.65,0,0.0,126836986.25
09:29:56 AM,310.9,0,0.0,126836986.25
09:29:56 AM,310.9,2500,777250.0,127614236.25
09:29:57 AM,310.35,0,0.0,127614236.25
09:29:58 AM,310.25,950,294737.5,127908973.75
09:29:58 AM,310.3,0,0.0,127908973.75
09:30:00 AM,310.0,350,108500.0,128017473.75
09:30:00 AM,310.3,0,0.0,128017473.75
09:30:01 AM,309.5,0,0.0,128017473.75
09:30:01 AM,309.5,1075,332712.5,128350186.25
09:30:02 AM,311.1,0,0.0,128350186.25
09:30:03 AM,311.35,0,0.0,128350186.25
09:30:03 AM,311.35,3675,1144211.25,129494397.5
09:30:05 AM,312.0,200,62400.0,129556797.5
09:30:05 AM,311.35,0,0.0,129556797.5
09:30:06 AM,310.75,0,0.0,129556797.5
09:30:06 AM,310.75,275,85456.25,129642253.75
09:30:07 AM,310.55,0,0.0,129642253.75
09:30:08 AM,310.55,100,31055.0,129673308.75
09:30:08 AM,309.8,0,0.0,129673308.75
09:30:09 AM,309.55,0,0.0,129673308.75
09:30:10 AM,310.1,200,62020.00000000001,129735328.75
09:30:11 AM,306.7,0,0.0,129735328.75
09:30:11 AM,306.0,575,175950.0,129911278.75
09:30:13 AM,305.0,1600,488000.0,130399278.75
09:30:13 AM,304.45,0,0.0,130399278.75
09:30:14 AM,306.6,0,0.0,130399278.75
09:30:15 AM,308.1,525,161752.5,130561031.25
09:30:15 AM,308.15,0,0.0,130561031.25
09:30:16 AM,308.15,50,15407.499999999998,130576438.75
09:30:17 AM,308.4,0,0.0,130576438.75
09:30:18 AM,308.45,0,0.0,130576438.75
09:30:18 AM,308.45,175,53978.75,130630417.5
09:30:19 AM,310.45,0,0.0,130630417.5
09:30:20 AM,309.7,450,139365.0,130769782.5
09:30:20 AM,308.2,0,0.0,130769782.5
09:30:21 AM,306.65,0,0.0,130769782.5
09:30:21 AM,306.65,500,153325.0,130923107.5
09:30:22 AM,306.6,0,0.0,130923107.5
09:30:23 AM,307.35,200,61470.00000000001,130984577.5
09:30:24 AM,307.45,0,0.0,130984577.5
09:30:25 AM,307.45,175,53803.75,131038381.25
09:30:26 AM,307.5,0,0.0,131038381.25
09:30:27 AM,306.75,1700,521475.0,131559856.25
09:30:27 AM,305.85,0,0.0,131559856.25
09:30:28 AM,305.65,0,0.0,131559856.25
09:30:28 AM,305.7,225,68782.5,131628638.75
09:30:29 AM,304.0,0,0.0,131628638.75
09:30:30 AM,303.0,900,272700.0,131901338.75
09:30:30 AM,302.45,0,0.0,131901338.75
09:30:31 AM,301.75,0,0.0,131901338.75
09:30:32 AM,301.05,175,52683.75,131954022.5
09:30:32 AM,300.65,0,0.0,131954022.5
09:30:33 AM,301.3,875,263637.5,132217660.0
09:30:33 AM,302.05,0,0.0,132217660.0
09:30:34 AM,301.4,0,0.0,132217660.0
09:30:35 AM,301.4,125,37675.0,132255335.0
09:30:35 AM,302.4,0,0.0,132255335.0
09:30:36 AM,301.45,0,0.0,132255335.0
09:30:37 AM,301.45,1400,422030.0,132677365.0
09:30:38 AM,303.0,0,0.0,132677365.0
09:30:38 AM,302.7,0,0.0,132677365.0
09:30:38 AM,302.7,325,98377.5,132775742.5
09:30:39 AM,302.6,0,0.0,132775742.5
09:30:40 AM,300.6,850,255510.00000000003,133031252.5
09:30:40 AM,300.4,0,0.0,133031252.5
09:30:41 AM,300.7,0,0.0,133031252.5
09:30:42 AM,300.7,250,75175.0,133106427.5
09:30:42 AM,300.85,0,0.0,133106427.5
09:30:43 AM,300.85,150,45127.5,133151555.0
09:30:44 AM,302.3,0,0.0,133151555.0
09:30:45 AM,302.6,75,22695.0,133174250.0
09:30:46 AM,301.6,0,0.0,133174250.0
09:30:47 AM,301.6,1500,452400.00000000006,133626650.0
09:30:48 AM,302.2,0,0.0,133626650.0
09:30:48 AM,300.85,75,22563.75,133649213.75
09:30:49 AM,303.5,0,0.0,133649213.75
09:30:50 AM,303.25,225,68231.25,133717445.0
09:30:51 AM,302.2,0,0.0,133717445.0
09:30:52 AM,303.55,500,151775.0,133869220.0
09:30:52 AM,303.0,0,0.0,133869220.0
09:30:53 AM,303.35,0,0.0,133869220.0
09:30:53 AM,303.35,100,30335.000000000004,133899555.0
09:30:54 AM,303.2,0,0.0,133899555.0
09:30:55 AM,303.2,625,189500.0,134089055.0
09:30:55 AM,301.35,0,0.0,134089055.0
09:30:56 AM,301.35,150,45202.5,134134257.5
09:30:58 AM,300.05,0,0.0,134134257.5
09:30:58 AM,300.05,50,15002.5,134149260.0
09:31:00 AM,301.8,0,0.0,134149260.0
09:31:00 AM,301.0,325,97825.0,134247085.0
09:31:00 AM,300.3,0,0.0,134247085.0
09:31:01 AM,299.25,0,0.0,134247085.0
09:31:01 AM,299.25,2150,643387.5,134890472.5
09:31:02 AM,299.0,0,0.0,134890472.5
09:31:03 AM,297.7,1125,334912.5,135225385.0
09:31:04 AM,296.0,0,0.0,135225385.0
09:31:05 AM,297.1,775,230252.50000000003,135455637.5
09:31:05 AM,296.6,0,0.0,135455637.5
09:31:06 AM,295.45,0,0.0,135455637.5
09:31:06 AM,295.45,1775,524423.75,135980061.25
09:31:07 AM,295.0,0,0.0,135980061.25
09:31:08 AM,289.7,3075,890827.5,136870888.75
09:31:09 AM,290.1,0,0.0,136870888.75
09:31:10 AM,293.2,1600,469120.0,137340008.75
09:31:10 AM,291.95,0,0.0,137340008.75
09:31:11 AM,293.35,0,0.0,137340008.75
09:31:11 AM,293.35,1050,308017.5,137648026.25
09:31:12 AM,292.7,0,0.0,137648026.25
09:31:13 AM,293.35,200,58670.00000000001,137706696.25
09:31:14 AM,292.35,0,0.0,137706696.25
09:31:15 AM,292.4,400,116959.99999999999,137823656.25
09:31:16 AM,291.8,0,0.0,137823656.25
09:31:16 AM,291.55,625,182218.75,138005875.0
09:31:17 AM,290.35,0,0.0,138005875.0
09:31:18 AM,292.45,275,80423.75,138086298.75
09:31:18 AM,292.75,0,0.0,138086298.75
09:31:19 AM,290.9,0,0.0,138086298.75
09:31:20 AM,290.35,1925,558923.75,138645222.5
09:31:20 AM,289.7,0,0.0,138645222.5
09:31:21 AM,291.55,0,0.0,138645222.5
09:31:21 AM,290.75,1800,523350.0,139168572.5
09:31:22 AM,292.25,0,0.0,139168572.5
09:31:23 AM,291.8,1175,342865.0,139511437.5
09:31:24 AM,294.95,0,0.0,139511437.5
09:31:25 AM,294.35,500,147175.0,139658612.5
09:31:25 AM,293.65,0,0.0,139658612.5
09:31:26 AM,294.25,400,117700.0,139776312.5
09:31:27 AM,294.6,0,0.0,139776312.5
09:31:28 AM,294.6,1500,441900.00000000006,140218212.5
09:31:28 AM,292.4,0,0.0,140218212.5
09:31:29 AM,290.3,0,0.0,140218212.5
09:31:30 AM,290.7,500,145350.0,140363562.5
09:31:31 AM,290.0,0,0.0,140363562.5
09:31:31 AM,290.45,0,0.0,140363562.5
09:31:31 AM,290.45,1475,428413.75,140791976.25
09:31:32 AM,278.65,0,0.0,140791976.25
09:31:33 AM,276.2,10275,2837955.0,143629931.25
09:31:33 AM,276.6,0,0.0,143629931.25
09:31:34 AM,278.0,0,0.0,143629931.25
09:31:35 AM,278.7,7375,2055412.5,145685343.75
09:31:35 AM,279.15,0,0.0,145685343.75
09:31:36 AM,281.0,1850,519850.0,146205193.75
09:31:38 AM,286.7,0,0.0,146205193.75
09:31:38 AM,285.1,1400,399140.00000000006,146604333.75
09:31:39 AM,281.5,0,0.0,146604333.75
09:31:40 AM,279.0,600,167400.0,146771733.75
09:31:40 AM,279.55,0,0.0,146771733.75
09:31:41 AM,277.5,0,0.0,146771733.75
09:31:41 AM,279.05,925,258121.25,147029855.0
09:31:42 AM,278.0,0,0.0,147029855.0
09:31:43 AM,281.2,650,182780.0,147212635.0
09:31:43 AM,281.15,0,0.0,147212635.0
09:31:45 AM,284.2,0,0.0,147212635.0
09:31:45 AM,284.8,575,163760.0,147376395.0
09:31:45 AM,286.05,0,0.0,147376395.0
09:31:46 AM,284.9,875,249287.49999999997,147625682.5
09:31:47 AM,283.0,0,0.0,147625682.5
09:31:48 AM,282.8,6750,1908900.0,149534582.5
09:31:48 AM,281.95,0,0.0,149534582.5
09:31:50 AM,281.25,0,0.0,149534582.5
09:31:50 AM,281.25,1250,351562.5,149886145.0
09:31:51 AM,280.0,0,0.0,149886145.0
09:31:51 AM,281.6,0,0.0,149886145.0
09:31:51 AM,281.6,2000,563200.0,150449345.0
09:31:52 AM,282.25,0,0.0,150449345.0
09:31:53 AM,282.1,950,267995.0,150717340.0
09:31:53 AM,280.15,0,0.0,150717340.0
09:31:55 AM,282.4,0,0.0,150717340.0
09:31:55 AM,282.4,2525,713060.0,151430400.0
09:31:55 AM,284.35,0,0.0,151430400.0
09:31:56 AM,283.95,0,0.0,151430400.0
09:31:56 AM,281.6,175,49280.00000000001,151479680.0
09:31:57 AM,283.45,0,0.0,151479680.0
09:31:58 AM,284.25,3250,923812.5,152403492.5
09:31:59 AM,286.3,0,0.0,152403492.5
09:32:00 AM,286.3,375,107362.5,152510855.0
09:32:00 AM,284.95,0,0.0,152510855.0
09:32:01 AM,285.0,425,121125.0,152631980.0
09:32:02 AM,284.1,0,0.0,152631980.0
09:32:03 AM,282.55,925,261358.75,152893338.75
09:32:03 AM,283.6,0,0.0,152893338.75
09:32:05 AM,281.85,300,84555.0,152977893.75
09:32:05 AM,281.8,0,0.0,152977893.75
09:32:06 AM,280.0,0,0.0,152977893.75
09:32:06 AM,279.0,0,0.0,152977893.75
09:32:06 AM,280.35,1500,420525.00000000006,153398418.75
09:32:07 AM,281.25,0,0.0,153398418.75
09:32:08 AM,281.25,225,63281.25,153461700.0
09:32:09 AM,283.4,0,0.0,153461700.0
09:32:10 AM,283.4,175,49594.99999999999,153511295.0
09:32:10 AM,284.7,0,0.0,153511295.0
09:32:11 AM,285.5,575,164162.5,153675457.5
09:32:13 AM,285.25,0,0.0,153675457.5
09:32:13 AM,286.45,1725,494126.25,154169583.75
09:32:13 AM,285.8,0,0.0,154169583.75
09:32:14 AM,283.95,0,0.0,154169583.75
09:32:15 AM,282.8,2250,636300.0,154805883.75
09:32:15 AM,283.3,0,0.0,154805883.75
09:32:16 AM,281.55,4875,1372556.25,156178440.0
09:32:17 AM,280.65,0,0.0,156178440.0
09:32:17 AM,280.85,0,0.0,156178440.0
09:32:18 AM,279.7,1500,419550.0,156597990.0
09:32:19 AM,281.0,0,0.0,156597990.0
09:32:20 AM,281.0,100,28100.0,156626090.0
09:32:20 AM,282.1,0,0.0,156626090.0
09:32:21 AM,282.75,0,0.0,156626090.0
09:32:21 AM,282.3,1050,296415.0,156922505.0
09:32:22 AM,281.05,0,0.0,156922505.0
09:32:23 AM,282.85,0,0.0,156922505.0
09:32:24 AM,284.15,0,0.0,156922505.0
09:32:25 AM,283.3,2700,764910.0,157687415.0
09:32:25 AM,285.45,0,0.0,157687415.0
09:32:26 AM,285.6,1175,335580.0,158022995.0
09:32:26 AM,285.55,0,0.0,158022995.0
09:32:27 AM,286.05,0,0.0,158022995.0
09:32:28 AM,285.75,2225,635793.75,158658788.75
09:32:28 AM,285.35,0,0.0,158658788.75
09:32:29 AM,284.55,0,0.0,158658788.75
09:32:30 AM,284.55,300,85365.0,158744153.75
09:32:30 AM,283.25,0,0.0,158744153.75
09:32:31 AM,285.45,750,214087.5,158958241.25
09:32:32 AM,283.2,0,0.0,158958241.25
09:32:33 AM,283.2,275,77880.0,159036121.25
09:32:33 AM,284.9,0,0.0,159036121.25
09:32:34 AM,285.6,0,0.0,159036121.25
09:32:35 AM,285.6,225,64260.00000000001,159100381.25
09:32:35 AM,287.4,0,0.0,159100381.25
09:32:36 AM,287.2,1625,466700.0,159567081.25
09:32:37 AM,287.35,0,0.0,159567081.25
09:32:38 AM,287.35,2425,696823.75,160263905.0
09:32:39 AM,286.9,0,0.0,160263905.0
09:32:39 AM,286.35,0,0.0,160263905.0
09:32:40 AM,286.35,475,136016.25,160399921.25
09:32:40 AM,287.45,0,0.0,160399921.25
09:32:41 AM,287.45,75,21558.75,160421480.0
09:32:41 AM,288.75,0,0.0,160421480.0
09:32:42 AM,287.85,0,0.0,160421480.0
09:32:43 AM,290.3,2225,645917.5,161067397.5
09:32:43 AM,289.85,0,0.0,161067397.5
09:32:44 AM,292.4,0,0.0,161067397.5
09:32:45 AM,290.3,475,137892.5,161205290.0
09:32:45 AM,290.7,0,0.0,161205290.0
09:32:46 AM,290.6,2350,682910.0,161888200.0
09:32:47 AM,291.0,0,0.0,161888200.0
09:32:48 AM,289.8,1400,405720.0,162293920.0
09:32:48 AM,290.0,0,0.0,162293920.0
09:32:49 AM,291.3,0,0.0,162293920.0
09:32:49 AM,290.75,2875,835906.25,163129826.25
09:32:50 AM,291.5,0,0.0,163129826.25
09:32:51 AM,292.7,425,124397.5,163254223.75
09:32:52 AM,293.0,0,0.0,163254223.75
09:32:53 AM,291.7,6175,1801247.5,165055471.25
09:32:54 AM,291.15,0,0.0,165055471.25
09:32:54 AM,291.8,750,218850.0,165274321.25
09:32:55 AM,290.3,0,0.0,165274321.25
09:32:56 AM,289.8,75,21735.0,165296056.25
09:32:58 AM,288.9,0,0.0,165296056.25
09:32:58 AM,288.9,175,50557.49999999999,165346613.75
09:32:58 AM,288.75,0,0.0,165346613.75
09:32:59 AM,291.4,0,0.0,165346613.75
09:32:59 AM,291.4,375,109274.99999999999,165455888.75
09:33:00 AM,290.95,0,0.0,165455888.75
09:33:01 AM,291.4,2475,721215.0,166177103.75
09:33:01 AM,292.8,0,0.0,166177103.75
09:33:02 AM,292.05,0,0.0,166177103.75
09:33:03 AM,291.9,2575,751642.4999999999,166928746.25
09:33:03 AM,293.55,0,0.0,166928746.25
09:33:04 AM,297.15,0,0.0,166928746.25
09:33:04 AM,297.5,1925,572687.5,167501433.75
09:33:06 AM,297.4,400,118959.99999999999,167620393.75
09:33:06 AM,297.3,0,0.0,167620393.75
09:33:07 AM,297.6,0,0.0,167620393.75
09:33:08 AM,298.35,350,104422.50000000001,167724816.25
09:33:08 AM,297.6,0,0.0,167724816.25
09:33:09 AM,297.2,0,0.0,167724816.25
09:33:09 AM,297.2,875,260050.0,167984866.25
09:33:11 AM,297.0,75,22275.0,168007141.25
09:33:11 AM,297.1,0,0.0,168007141.25
09:33:12 AM,298.7,0,0.0,168007141.25
09:33:13 AM,296.1,2400,710640.0,168717781.25
09:33:14 AM,298.1,0,0.0,168717781.25
09:33:14 AM,298.1,925,275742.5,168993523.75
09:33:15 AM,297.6,0,0.0,168993523.75
09:33:16 AM,296.05,275,81413.75,169074937.5
09:33:17 AM,294.6,0,0.0,169074937.5
09:33:18 AM,293.6,550,161480.0,169236417.5
09:33:18 AM,293.0,0,0.0,169236417.5
09:33:19 AM,291.0,0,0.0,169236417.5
09:33:19 AM,291.0,500,145500.0,169381917.5
09:33:20 AM,290.4,0,0.0,169381917.5
09:33:21 AM,289.45,850,246032.5,169627950.0
09:33:21 AM,287.7,0,0.0,169627950.0
09:33:22 AM,289.2,0,0.0,169627950.0
09:33:23 AM,289.2,1550,448260.0,170076210.0
09:33:23 AM,290.3,0,0.0,170076210.0
09:33:24 AM,289.5,0,0.0,170076210.0
09:33:24 AM,289.5,1075,311212.5,170387422.5
09:33:25 AM,292.0,0,0.0,170387422.5
09:33:26 AM,292.45,1050,307072.5,170694495.0
09:33:26 AM,292.35,0,0.0,170694495.0
09:33:27 AM,292.45,0,0.0,170694495.0
09:33:28 AM,292.45,425,124291.25,170818786.25
09:33:28 AM,293.8,0,0.0,170818786.25
09:33:29 AM,292.05,0,0.0,170818786.25
09:33:29 AM,292.05,1900,554895.0,171373681.25
09:33:30 AM,290.85,0,0.0,171373681.25
09:33:31 AM,290.85,25,7271.250000000001,171380952.5
09:33:32 AM,291.65,0,0.0,171380952.5
09:33:33 AM,291.65,100,29164.999999999996,171410117.5
09:33:33 AM,294.65,0,0.0,171410117.5
09:33:34 AM,294.8,0,0.0,171410117.5
09:33:34 AM,294.8,200,58960.0,171469077.5
09:33:35 AM,294.55,0,0.0,171469077.5
09:33:36 AM,294.55,175,51546.25,171520623.75
09:33:36 AM,295.35,0,0.0,171520623.75
09:33:37 AM,293.2,0,0.0,171520623.75
09:33:38 AM,293.2,125,36650.0,171557273.75
09:33:38 AM,292.9,0,0.0,171557273.75
09:33:39 AM,292.35,0,0.0,171557273.75
09:33:39 AM,292.25,1575,460293.75,172017567.5
09:33:40 AM,292.05,0,0.0,172017567.5
09:33:41 AM,292.05,350,102217.5,172119785.0
09:33:42 AM,290.95,0,0.0,172119785.0
09:33:43 AM,290.6,200,58120.00000000001,172177905.0
09:33:43 AM,289.85,0,0.0,172177905.0
09:33:44 AM,289.3,0,0.0,172177905.0
09:33:44 AM,289.35,800,231480.00000000003,172409385.0
09:33:45 AM,288.3,0,0.0,172409385.0
09:33:46 AM,288.3,25,7207.5,172416592.5
09:33:46 AM,289.25,0,0.0,172416592.5
09:33:48 AM,289.25,25,7231.25,172423823.75
09:33:51 AM,288.85,0,0.0,172423823.75
09:33:51 AM,288.85,50,14442.500000000002,172438266.25
09:33:53 AM,290.35,100,29035.000000000004,172467301.25
09:33:53 AM,291.65,0,0.0,172467301.25
09:33:54 AM,291.65,900,262485.0,172729786.25
09:33:55 AM,291.1,0,0.0,172729786.25
09:33:56 AM,290.55,225,65373.75,172795160.0
09:33:56 AM,289.75,0,0.0,172795160.0
09:33:58 AM,288.1,0,0.0,172795160.0
09:33:58 AM,288.1,75,21607.5,172816767.5
09:33:58 AM,287.9,0,0.0,172816767.5
09:33:59 AM,287.9,25,7197.499999999999,172823965.0
09:34:00 AM,287.6,0,0.0,172823965.0
09:34:00 AM,288.0,0,0.0,172823965.0
09:34:01 AM,286.2,375,107325.0,172931290.0
09:34:02 AM,285.0,0,0.0,172931290.0
09:34:03 AM,286.5,3025,866662.5,173797952.5
09:34:03 AM,286.35,0,0.0,173797952.5
09:34:04 AM,283.8,0,0.0,173797952.5
09:34:05 AM,283.8,1550,439890.0,174237842.5
09:34:05 AM,284.1,0,0.0,174237842.5
09:34:06 AM,284.1,50,14205.000000000002,174252047.5
09:34:07 AM,285.3,0,0.0,174252047.5
09:34:07 AM,286.7,0,0.0,174252047.5
09:34:08 AM,286.75,1775,508981.25,174761028.75
09:34:08 AM,288.05,0,0.0,174761028.75
09:34:09 AM,287.25,0,0.0,174761028.75
09:34:10 AM,287.25,325,93356.25,174854385.0
09:34:10 AM,288.5,0,0.0,174854385.0
09:34:11 AM,291.55,725,211373.75,175065758.75
09:34:11 AM,290.85,0,0.0,175065758.75
09:34:13 AM,290.85,25,7271.250000000001,175073030.0
09:34:14 AM,287.65,0,0.0,175073030.0
09:34:15 AM,287.65,300,86295.0,175159325.0
09:34:15 AM,285.85,0,0.0,175159325.0
09:34:16 AM,285.95,225,64338.75,175223663.75
09:34:17 AM,287.2,0,0.0,175223663.75
09:34:18 AM,287.2,700,201040.0,175424703.75
09:34:19 AM,287.6,0,0.0,175424703.75
09:34:19 AM,287.1,0,0.0,175424703.75
09:34:20 AM,287.1,75,21532.5,175446236.25
09:34:21 AM,288.75,0,0.0,175446236.25
09:34:21 AM,288.65,75,21648.75,175467885.0
09:34:22 AM,288.9,0,0.0,175467885.0
09:34:23 AM,288.9,25,7222.499999999999,175475107.5
09:34:23 AM,287.4,0,0.0,175475107.5
09:34:24 AM,287.7,0,0.0,175475107.5
09:34:25 AM,287.7,650,187005.0,175662112.5
09:34:25 AM,287.6,0,0.0,175662112.5
09:34:26 AM,287.6,50,14380.000000000002,175676492.5
09:34:27 AM,288.5,0,0.0,175676492.5
09:34:28 AM,288.5,175,50487.5,175726980.0
09:34:29 AM,288.4,125,36050.0,175763030.0
09:34:31 AM,286.5,0,0.0,175763030.0
09:34:31 AM,286.5,225,64462.5,175827492.5
09:34:32 AM,287.6,0,0.0,175827492.5
09:34:33 AM,287.6,50,14380.000000000002,175841872.5
09:34:33 AM,288.1,0,0.0,175841872.5
09:34:34 AM,288.1,100,28810.000000000004,175870682.5
09:34:36 AM,284.0,725,205900.0,176076582.5
09:34:36 AM,283.8,0,0.0,176076582.5
09:34:37 AM,282.4,0,0.0,176076582.5
09:34:38 AM,283.1,1725,488347.50000000006,176564930.0
09:34:38 AM,282.85,0,0.0,176564930.0
09:34:39 AM,283.8,575,163185.0,176728115.0
09:34:40 AM,284.6,0,0.0,176728115.0
09:34:41 AM,285.65,700,199954.99999999997,176928070.0
09:34:41 AM,285.2,0,0.0,176928070.0
09:34:42 AM,285.45,0,0.0,176928070.0
09:34:43 AM,285.45,75,21408.75,176949478.75
09:34:43 AM,285.05,0,0.0,176949478.75
09:34:44 AM,284.6,550,156530.0,177106008.75
09:34:44 AM,285.7,0,0.0,177106008.75
09:34:45 AM,283.75,0,0.0,177106008.75
09:34:46 AM,283.75,275,78031.25,177184040.0
09:34:48 AM,285.1,0,0.0,177184040.0
09:34:49 AM,285.1,50,14255.000000000002,177198295.0
09:34:49 AM,285.4,0,0.0,177198295.0
09:34:50 AM,285.1,0,0.0,177198295.0
09:34:51 AM,284.75,225,64068.75,177262363.75
09:34:51 AM,283.85,0,0.0,177262363.75
09:34:52 AM,284.9,0,0.0,177262363.75
09:34:52 AM,284.05,525,149126.25,177411490.0
09:34:54 AM,283.1,800,226480.00000000003,177637970.0
09:34:55 AM,284.2,0,0.0,177637970.0
09:34:56 AM,284.2,100,28420.0,177666390.0
09:34:56 AM,285.35,0,0.0,177666390.0
09:34:57 AM,283.7,150,42555.0,177708945.0
09:34:58 AM,284.45,0,0.0,177708945.0
09:34:59 AM,284.35,175,49761.25000000001,177758706.25
09:34:59 AM,283.55,0,0.0,177758706.25
09:35:00 AM,283.1,0,0.0,177758706.25
09:35:01 AM,282.85,675,190923.75000000003,177949630.0
09:35:02 AM,284.55,1225,348573.75,178298203.75
09:35:03 AM,285.0,0,0.0,178298203.75
09:35:04 AM,283.3,100,28330.0,178326533.75
09:35:05 AM,284.7,0,0.0,178326533.75
09:35:06 AM,284.7,250,71175.0,178397708.75
09:35:06 AM,285.55,0,0.0,178397708.75
09:35:07 AM,284.4,500,142200.0,178539908.75
09:35:08 AM,284.1,0,0.0,178539908.75
09:35:09 AM,284.7,125,35587.5,178575496.25
09:35:11 AM,284.7,50,14235.0,178589731.25
09:35:11 AM,283.15,0,0.0,178589731.25
09:35:12 AM,282.0,0,0.0,178589731.25
09:35:12 AM,281.85,2125,598931.25,179188662.5
09:35:13 AM,277.25,0,0.0,179188662.5
09:35:14 AM,276.75,3700,1023975.0,180212637.5
09:35:14 AM,275.15,0,0.0,180212637.5
09:35:15 AM,276.1,0,0.0,180212637.5
09:35:15 AM,277.8,3650,1013970.0,181226607.5
09:35:16 AM,278.6,0,0.0,181226607.5
09:35:17 AM,278.7,1825,508627.5,181735235.0
09:35:17 AM,277.95,0,0.0,181735235.0
09:35:18 AM,279.75,0,0.0,181735235.0
09:35:19 AM,279.25,250,69812.5,181805047.5
09:35:19 AM,278.6,0,0.0,181805047.5
09:35:20 AM,276.6,450,124470.00000000001,181929517.5
09:35:20 AM,276.25,0,0.0,181929517.5
09:35:21 AM,277.0,0,0.0,181929517.5
09:35:22 AM,276.7,275,76092.5,182005610.0
09:35:22 AM,277.95,0,0.0,182005610.0
09:35:23 AM,277.95,1700,472515.0,182478125.0
09:35:24 AM,278.05,0,0.0,182478125.0
09:35:25 AM,278.55,400,111420.0,182589545.0
09:35:25 AM,277.6,0,0.0,182589545.0
09:35:26 AM,277.55,0,0.0,182589545.0
09:35:27 AM,277.0,975,270075.0,182859620.0
09:35:27 AM,277.4,0,0.0,182859620.0
09:35:28 AM,276.55,0,0.0,182859620.0
09:35:28 AM,276.55,500,138275.0,182997895.0
09:35:29 AM,275.5,0,0.0,182997895.0
09:35:30 AM,274.05,675,184983.75,183182878.75
09:35:31 AM,276.1,0,0.0,183182878.75
09:35:32 AM,275.85,2050,565492.5,183748371.25
09:35:33 AM,278.1,0,0.0,183748371.25
09:35:34 AM,278.7,0,0.0,183748371.25
09:35:35 AM,279.95,775,216961.25,183965332.5
09:35:35 AM,278.2,0,0.0,183965332.5
09:35:37 AM,278.2,25,6955.0,183972287.5
09:35:37 AM,279.05,0,0.0,183972287.5
09:35:38 AM,278.7,0,0.0,183972287.5
09:35:38 AM,279.15,300,83745.0,184056032.5
09:35:38 AM,280.0,0,0.0,184056032.5
09:35:39 AM,282.1,0,0.0,184056032.5
09:35:40 AM,282.1,750,211575.00000000003,184267607.5
09:35:41 AM,281.15,0,0.0,184267607.5
09:35:41 AM,280.85,125,35106.25,184302713.75
09:35:42 AM,280.3,0,0.0,184302713.75
09:35:43 AM,282.0,1225,345450.0,184648163.75
09:35:44 AM,283.2,0,0.0,184648163.75
09:35:45 AM,282.95,150,42442.5,184690606.25
09:35:46 AM,284.3,0,0.0,184690606.25
09:35:46 AM,284.3,200,56860.0,184747466.25
09:35:47 AM,284.65,0,0.0,184747466.25
09:35:48 AM,284.05,800,227240.0,184974706.25
09:35:49 AM,285.0,0,0.0,184974706.25
09:35:50 AM,285.3,125,35662.5,185010368.75
09:35:51 AM,283.9,0,0.0,185010368.75
09:35:51 AM,284.45,0,0.0,185010368.75
09:35:51 AM,284.65,650,185022.49999999997,185195391.25
09:35:52 AM,283.9,0,0.0,185195391.25
09:35:53 AM,285.15,1375,392081.24999999994,185587472.5
09:35:55 AM,283.6,0,0.0,185587472.5
09:35:55 AM,283.95,0,0.0,185587472.5
09:35:56 AM,283.65,425,120551.24999999999,185708023.75
09:35:58 AM,283.15,0,0.0,185708023.75
09:35:58 AM,283.15,125,35393.75,185743417.5
09:35:59 AM,283.4,0,0.0,185743417.5
09:36:00 AM,283.95,0,0.0,185743417.5
09:36:00 AM,284.55,1150,327232.5,186070650.0
09:36:00 AM,285.75,0,0.0,186070650.0
09:36:01 AM,285.55,0,0.0,186070650.0
09:36:01 AM,284.4,1725,490589.99999999994,186561240.0
09:36:03 AM,284.3,0,0.0,186561240.0
09:36:03 AM,284.3,25,7107.5,186568347.5
09:36:05 AM,284.3,100,28430.0,186596777.5
09:36:05 AM,283.65,0,0.0,186596777.5
09:36:06 AM,283.15,0,0.0,186596777.5
09:36:06 AM,283.15,150,42472.5,186639250.0
09:36:08 AM,284.15,0,0.0,186639250.0
09:36:08 AM,285.45,1400,399630.0,187038880.0
09:36:09 AM,284.8,0,0.0,187038880.0
09:36:10 AM,285.6,300,85680.0,187124560.0
09:36:11 AM,285.6,100,28560.000000000004,187153120.0
09:36:12 AM,287.1,0,0.0,187153120.0
09:36:13 AM,286.05,2225,636461.25,187789581.25
09:36:15 AM,286.35,0,0.0,187789581.25
09:36:15 AM,286.1,675,193117.50000000003,187982698.75
09:36:15 AM,285.3,0,0.0,187982698.75
09:36:17 AM,284.45,1825,519121.25,188501820.0
09:36:18 AM,285.0,0,0.0,188501820.0
09:36:18 AM,284.65,1650,469672.49999999994,188971492.5
09:36:18 AM,285.35,0,0.0,188971492.5
09:36:20 AM,285.0,0,0.0,188971492.5
09:36:20 AM,285.0,500,142500.0,189113992.5
09:36:21 AM,287.55,0,0.0,189113992.5
09:36:22 AM,287.55,25,7188.75,189121181.25
09:36:22 AM,288.75,0,0.0,189121181.25
09:36:23 AM,288.35,550,158592.5,189279773.75
09:36:25 AM,288.2,0,0.0,189279773.75
09:36:26 AM,288.75,0,0.0,189279773.75
09:36:27 AM,288.75,250,72187.5,189351961.25
09:36:27 AM,286.2,0,0.0,189351961.25
09:36:27 AM,287.2,0,0.0,189351961.25
09:36:28 AM,285.5,850,242675.0,189594636.25
09:36:29 AM,286.15,0,0.0,189594636.25
09:36:30 AM,285.3,0,0.0,189594636.25
09:36:30 AM,285.3,150,42795.0,189637431.25
09:36:31 AM,285.0,0,0.0,189637431.25
09:36:32 AM,285.0,75,21375.0,189658806.25
09:36:33 AM,284.5,0,0.0,189658806.25
09:36:33 AM,285.0,475,135375.0,189794181.25
09:36:33 AM,283.6,0,0.0,189794181.25
09:36:34 AM,282.45,0,0.0,189794181.25
09:36:35 AM,282.45,700,197715.0,189991896.25
09:36:35 AM,280.3,0,0.0,189991896.25
09:36:36 AM,279.1,0,0.0,189991896.25
09:36:37 AM,279.65,2375,664168.75,190656065.0
09:36:37 AM,277.4,0,0.0,190656065.0
09:36:38 AM,277.4,475,131765.0,190787830.0
09:36:39 AM,277.75,0,0.0,190787830.0
09:36:40 AM,278.0,825,229350.0,191017180.0
09:36:41 AM,279.15,0,0.0,191017180.0
09:36:42 AM,279.15,25,6978.749999999999,191024158.75
09:36:43 AM,280.3,0,0.0,191024158.75
09:36:43 AM,280.65,625,175406.25,191199565.0
09:36:43 AM,280.7,0,0.0,191199565.0
09:36:44 AM,280.9,0,0.0,191199565.0
09:36:45 AM,280.65,925,259601.24999999997,191459166.25
09:36:47 AM,280.8,0,0.0,191459166.25
09:36:47 AM,280.8,1000,280800.0,191739966.25
09:36:47 AM,280.85,0,0.0,191739966.25
09:36:48 AM,280.25,575,161143.75,191901110.0
09:36:51 AM,278.9,0,0.0,191901110.0
09:36:52 AM,278.9,75,20917.5,191922027.5
09:36:52 AM,279.15,0,0.0,191922027.5
09:36:53 AM,281.6,0,0.0,191922027.5
09:36:53 AM,281.0,900,252900.0,192174927.5
09:36:55 AM,279.85,0,0.0,192174927.5
09:36:55 AM,279.85,500,139925.0,192314852.5
09:36:55 AM,279.8,0,0.0,192314852.5
09:36:57 AM,279.65,0,0.0,192314852.5
09:36:57 AM,279.65,75,20973.75,192335826.25
09:36:58 AM,279.9,0,0.0,192335826.25
09:36:58 AM,279.9,25,6997.499999999999,192342823.75
09:36:58 AM,279.85,0,0.0,192342823.75
09:36:59 AM,279.45,0,0.0,192342823.75
09:37:00 AM,276.1,825,227782.50000000003,192570606.25
09:37:00 AM,276.3,0,0.0,192570606.25
09:37:02 AM,276.95,0,0.0,192570606.25
09:37:02 AM,276.95,1875,519281.25,193089887.5
09:37:03 AM,276.6,0,0.0,193089887.5
09:37:03 AM,276.7,375,103762.5,193193650.0
09:37:04 AM,276.8,0,0.0,193193650.0
09:37:05 AM,276.6,175,48405.00000000001,193242055.0
09:37:05 AM,277.45,0,0.0,193242055.0
09:37:06 AM,275.1,4975,1368622.5,194610677.5
09:37:07 AM,276.5,0,0.0,194610677.5
09:37:08 AM,276.0,0,0.0,194610677.5
09:37:08 AM,274.0,450,123300.0,194733977.5
09:37:08 AM,273.0,0,0.0,194733977.5
09:37:09 AM,273.45,0,0.0,194733977.5
09:37:10 AM,272.8,1950,531960.0,195265937.5
09:37:11 AM,273.9,0,0.0,195265937.5
09:37:11 AM,274.8,1325,364110.0,195630047.5
09:37:12 AM,275.25,0,0.0,195630047.5
09:37:13 AM,274.7,0,0.0,195630047.5
09:37:13 AM,274.25,1075,294818.75,195924866.25
09:37:15 AM,274.1,0,0.0,195924866.25
09:37:15 AM,273.75,1175,321656.25,196246522.5
09:37:16 AM,273.85,0,0.0,196246522.5
09:37:16 AM,274.4,0,0.0,196246522.5
09:37:16 AM,274.4,2175,596820.0,196843342.5
09:37:17 AM,274.1,0,0.0,196843342.5
09:37:18 AM,275.0,1150,316250.0,197159592.5
09:37:18 AM,275.2,0,0.0,197159592.5
09:37:19 AM,276.6,0,0.0,197159592.5
09:37:20 AM,278.75,725,202093.75,197361686.25
09:37:21 AM,278.3,0,0.0,197361686.25
09:37:21 AM,278.1,1350,375435.00000000006,197737121.25
09:37:23 AM,278.45,0,0.0,197737121.25
09:37:23 AM,276.85,675,186873.75000000003,197923995.0
09:37:24 AM,277.0,0,0.0,197923995.0
09:37:25 AM,276.9,0,0.0,197923995.0
09:37:25 AM,276.5,3175,877887.5,198801882.5
09:37:26 AM,277.0,0,0.0,198801882.5
09:37:26 AM,277.0,300,83100.0,198884982.5
09:37:28 AM,276.05,0,0.0,198884982.5
09:37:28 AM,275.15,450,123817.49999999999,199008800.0
09:37:29 AM,274.85,0,0.0,199008800.0
09:37:30 AM,274.0,325,89050.0,199097850.0
09:37:31 AM,274.05,0,0.0,199097850.0
09:37:31 AM,270.35,4375,1182781.25,200280631.25
09:37:32 AM,269.3,0,0.0,200280631.25
09:37:32 AM,268.9,0,0.0,200280631.25
09:37:33 AM,270.0,1175,317250.0,200597881.25
09:37:33 AM,269.95,0,0.0,200597881.25
09:37:35 AM,271.45,0,0.0,200597881.25
09:37:35 AM,271.75,2900,788075.0,201385956.25
09:37:36 AM,272.35,0,0.0,201385956.25
09:37:36 AM,273.35,0,0.0,201385956.25
09:37:36 AM,273.35,1850,505697.50000000006,201891653.75
09:37:37 AM,272.1,0,0.0,201891653.75
09:37:38 AM,271.7,1325,360002.5,202251656.25
09:37:38 AM,271.55,0,0.0,202251656.25
09:37:39 AM,272.25,0,0.0,202251656.25
09:37:40 AM,273.45,1850,505882.5,202757538.75
09:37:41 AM,270.85,0,0.0,202757538.75
09:37:41 AM,270.8,1475,399430.0,203156968.75
09:37:42 AM,272.2,0,0.0,203156968.75
09:37:43 AM,271.2,2050,555960.0,203712928.75
09:37:45 AM,271.15,0,0.0,203712928.75
09:37:45 AM,271.15,775,210141.24999999997,203923070.0
09:37:46 AM,270.0,0,0.0,203923070.0
09:37:46 AM,270.5,750,202875.0,204125945.0
09:37:48 AM,268.9,0,0.0,204125945.0
09:37:48 AM,268.65,2575,691773.7499999999,204817718.75
09:37:49 AM,268.2,0,0.0,204817718.75
09:37:50 AM,268.65,2200,591030.0,205408748.75
09:37:51 AM,269.7,0,0.0,205408748.75
09:37:51 AM,270.0,2225,600750.0,206009498.75
09:37:52 AM,269.9,0,0.0,206009498.75
09:37:52 AM,271.45,0,0.0,206009498.75
09:37:53 AM,270.75,3800,1028850.0,207038348.75
09:37:54 AM,271.3,0,0.0,207038348.75
09:37:55 AM,268.7,425,114197.5,207152546.25
09:37:55 AM,270.85,0,0.0,207152546.25
09:37:56 AM,270.85,625,169281.25,207321827.5
09:37:57 AM,269.15,0,0.0,207321827.5
09:37:57 AM,269.45,0,0.0,207321827.5
09:37:58 AM,268.9,525,141172.5,207463000.0
09:37:58 AM,269.85,0,0.0,207463000.0
09:37:59 AM,270.7,0,0.0,207463000.0
09:38:00 AM,270.4,1525,412359.99999999994,207875360.0
09:38:00 AM,270.35,0,0.0,207875360.0
09:38:01 AM,269.0,0,0.0,207875360.0
09:38:01 AM,269.0,575,154675.0,208030035.0
09:38:02 AM,269.8,0,0.0,208030035.0
09:38:03 AM,269.05,1750,470837.5,208500872.5
09:38:04 AM,270.85,0,0.0,208500872.5
09:38:05 AM,270.85,150,40627.5,208541500.0
09:38:05 AM,270.8,0,0.0,208541500.0
09:38:06 AM,270.75,850,230137.5,208771637.5
09:38:08 AM,269.05,0,0.0,208771637.5
09:38:08 AM,269.9,675,182182.49999999997,208953820.0
09:38:09 AM,267.0,0,0.0,208953820.0
09:38:10 AM,266.7,0,0.0,208953820.0
09:38:10 AM,266.7,2800,746760.0,209700580.0
09:38:11 AM,265.9,0,0.0,209700580.0
09:38:11 AM,263.55,1225,322848.75,210023428.75
09:38:12 AM,263.2,0,0.0,210023428.75
09:38:12 AM,264.85,0,0.0,210023428.75
09:38:13 AM,264.55,3800,1005290.0,211028718.75
09:38:14 AM,267.25,0,0.0,211028718.75
09:38:14 AM,265.85,0,0.0,211028718.75
09:38:15 AM,265.7,1175,312197.5,211340916.25
09:38:16 AM,269.95,0,0.0,211340916.25
09:38:16 AM,267.95,1000,267950.0,211608866.25
09:38:18 AM,266.6,0,0.0,211608866.25
09:38:18 AM,266.4,1625,432899.99999999994,212041766.25
09:38:19 AM,267.25,0,0.0,212041766.25
09:38:20 AM,265.7,0,0.0,212041766.25
09:38:20 AM,265.5,1200,318600.0,212360366.25
09:38:21 AM,267.65,0,0.0,212360366.25
09:38:21 AM,267.65,550,147207.5,212507573.75
09:38:22 AM,267.25,0,0.0,212507573.75
09:38:23 AM,266.4,2350,626040.0,213133613.75
09:38:24 AM,268.6,0,0.0,213133613.75
09:38:24 AM,267.4,0,0.0,213133613.75
09:38:25 AM,267.4,200,53479.99999999999,213187093.75
09:38:25 AM,267.5,0,0.0,213187093.75
09:38:26 AM,266.65,0,0.0,213187093.75
09:38:26 AM,266.65,425,113326.24999999999,213300420.0
09:38:27 AM,266.4,0,0.0,213300420.0
09:38:28 AM,267.2,2550,681360.0,213981780.0
09:38:28 AM,267.45,0,0.0,213981780.0
09:38:29 AM,267.7,0,0.0,213981780.0
09:38:30 AM,267.7,425,113772.5,214095552.5
09:38:30 AM,267.45,0,0.0,214095552.5
09:38:31 AM,267.4,0,0.0,214095552.5
09:38:32 AM,267.4,125,33425.0,214128977.5
09:38:32 AM,271.75,0,0.0,214128977.5
09:38:33 AM,271.2,1450,393240.0,214522217.5
09:38:33 AM,269.1,0,0.0,214522217.5
09:38:35 AM,267.95,0,0.0,214522217.5
09:38:35 AM,267.95,1125,301443.75,214823661.25
09:38:35 AM,266.4,0,0.0,214823661.25
09:38:37 AM,264.55,1750,462962.5,215286623.75
09:38:37 AM,265.0,0,0.0,215286623.75
09:38:38 AM,266.7,0,0.0,215286623.75
09:38:38 AM,265.85,300,79755.0,215366378.75
09:38:39 AM,266.45,0,0.0,215366378.75
09:38:39 AM,266.2,0,0.0,215366378.75
09:38:40 AM,266.6,550,146630.0,215513008.75
09:38:40 AM,268.9,0,0.0,215513008.75
09:38:41 AM,268.45,0,0.0,215513008.75
09:38:42 AM,268.1,625,167562.5,215680571.25
09:38:42 AM,266.3,0,0.0,215680571.25
09:38:43 AM,267.0,400,106800.0,215787371.25
09:38:44 AM,266.95,0,0.0,215787371.25
09:38:45 AM,266.3,325,86547.5,215873918.75
09:38:46 AM,266.65,0,0.0,215873918.75
09:38:47 AM,265.2,900,238680.0,216112598.75
09:38:47 AM,266.7,0,0.0,216112598.75
09:38:48 AM,266.7,350,93345.0,216205943.75
09:38:49 AM,267.35,0,0.0,216205943.75
09:38:49 AM,267.75,0,0.0,216205943.75
09:38:50 AM,266.7,2025,540067.5,216746011.25
09:38:51 AM,265.3,0,0.0,216746011.25
09:38:51 AM,266.55,0,0.0,216746011.25
09:38:52 AM,266.9,1750,467074.99999999994,217213086.25
09:38:52 AM,267.3,0,0.0,217213086.25
09:38:53 AM,268.3,2250,603675.0,217816761.25
09:38:53 AM,269.05,0,0.0,217816761.25
09:38:55 AM,268.0,0,0.0,217816761.25
09:38:55 AM,268.0,350,93800.0,217910561.25
09:38:56 AM,267.75,0,0.0,217910561.25
09:38:57 AM,268.9,1700,457129.99999999994,218367691.25
09:38:58 AM,268.9,75,20167.5,218387858.75
09:38:59 AM,268.4,0,0.0,218387858.75
09:38:59 AM,268.55,0,0.0,218387858.75
09:39:00 AM,268.55,425,114133.75,218501992.5
09:39:01 AM,267.0,0,0.0,218501992.5
09:39:02 AM,266.15,1075,286111.25,218788103.75
09:39:02 AM,266.85,0,0.0,218788103.75
09:39:03 AM,266.25,6075,1617468.75,220405572.5
09:39:04 AM,266.0,0,0.0,220405572.5
09:39:05 AM,267.05,0,0.0,220405572.5
09:39:05 AM,267.05,375,100143.75,220505716.25
09:39:05 AM,266.35,0,0.0,220505716.25
09:39:07 AM,265.0,2400,636000.0,221141716.25
09:39:08 AM,264.25,0,0.0,221141716.25
09:39:08 AM,265.55,1325,351853.75,221493570.0
09:39:09 AM,265.45,0,0.0,221493570.0
09:39:09 AM,264.8,0,0.0,221493570.0
09:39:10 AM,265.9,1725,458677.49999999994,221952247.5
09:39:11 AM,265.45,0,0.0,221952247.5
09:39:12 AM,265.45,200,53090.0,222005337.5
09:39:12 AM,264.0,0,0.0,222005337.5
09:39:13 AM,265.7,0,0.0,222005337.5
09:39:13 AM,265.55,1675,444796.25,222450133.75
09:39:13 AM,263.85,0,0.0,222450133.75
09:39:14 AM,261.9,0,0.0,222450133.75
09:39:15 AM,262.8,3200,840960.0,223291093.75
09:39:15 AM,262.1,0,0.0,223291093.75
09:39:16 AM,262.95,0,0.0,223291093.75
09:39:17 AM,262.95,675,177491.25,223468585.0
09:39:18 AM,263.0,0,0.0,223468585.0
09:39:18 AM,263.7,150,39555.0,223508140.0
09:39:19 AM,263.0,0,0.0,223508140.0
09:39:20 AM,262.95,0,0.0,223508140.0
09:39:20 AM,262.8,2700,709560.0,224217700.0
09:39:21 AM,261.5,0,0.0,224217700.0
09:39:22 AM,260.8,825,215160.0,224432860.0
09:39:22 AM,261.25,0,0.0,224432860.0
09:39:22 AM,261.15,0,0.0,224432860.0
09:39:23 AM,261.0,1875,489375.0,224922235.0
09:39:23 AM,262.35,0,0.0,224922235.0
09:39:24 AM,261.95,0,0.0,224922235.0
09:39:25 AM,263.3,1500,394950.0,225317185.0
09:39:26 AM,262.45,0,0.0,225317185.0
09:39:26 AM,262.4,1400,367359.99999999994,225684545.0
09:39:28 AM,262.2,0,0.0,225684545.0
09:39:28 AM,262.65,800,210119.99999999997,225894665.0
09:39:29 AM,260.75,0,0.0,225894665.0
09:39:30 AM,260.75,300,78225.0,225972890.0
09:39:31 AM,259.25,0,0.0,225972890.0
09:39:31 AM,259.2,650,168480.0,226141370.0
09:39:32 AM,259.85,0,0.0,226141370.0
09:39:33 AM,260.0,0,0.0,226141370.0
09:39:33 AM,261.7,3725,974832.5,227116202.5
09:39:34 AM,261.95,0,0.0,227116202.5
09:39:34 AM,260.65,0,0.0,227116202.5
09:39:35 AM,260.65,250,65162.49999999999,227181365.0
09:39:35 AM,260.75,0,0.0,227181365.0
09:39:36 AM,260.35,1175,305911.25,227487276.25
09:39:38 AM,259.4,0,0.0,227487276.25
09:39:38 AM,259.55,950,246572.5,227733848.75
09:39:39 AM,258.0,0,0.0,227733848.75
09:39:40 AM,258.7,0,0.0,227733848.75
09:39:40 AM,258.7,925,239297.5,227973146.25
09:39:40 AM,259.5,0,0.0,227973146.25
09:39:41 AM,258.75,2550,659812.5,228632958.75
09:39:42 AM,259.1,0,0.0,228632958.75
09:39:43 AM,257.8,0,0.0,228632958.75
09:39:43 AM,259.5,925,240037.5,228872996.25
09:39:44 AM,259.6,0,0.0,228872996.25
09:39:45 AM,259.0,975,252525.0,229125521.25
09:39:45 AM,259.1,0,0.0,229125521.25
09:39:46 AM,259.4,2550,661470.0,229786991.25
09:39:48 AM,258.65,0,0.0,229786991.25
09:39:48 AM,258.95,300,77685.0,229864676.25
09:39:49 AM,258.05,0,0.0,229864676.25
09:39:50 AM,257.7,900,231930.0,230096606.25
09:39:50 AM,257.4,0,0.0,230096606.25
09:39:51 AM,256.0,4050,1036800.0,231133406.25
09:39:53 AM,256.15,1325,339398.74999999994,231472805.0
09:39:53 AM,256.45,0,0.0,231472805.0
09:39:54 AM,256.9,0,0.0,231472805.0
09:39:55 AM,257.05,3575,918953.75,232391758.75
09:39:56 AM,257.1,5950,1529745.0000000002,233921503.75
09:39:57 AM,257.3,0,0.0,233921503.75
09:39:58 AM,257.1,0,0.0,233921503.75
09:39:58 AM,256.9,1100,282590.0,234204093.75
09:39:59 AM,257.25,0,0.0,234204093.75
09:40:00 AM,256.65,0,0.0,234204093.75
09:40:00 AM,255.6,2075,530370.0,234734463.75
09:40:01 AM,254.0,0,0.0,234734463.75
09:40:01 AM,255.45,7775,1986123.75,236720587.5
09:40:02 AM,254.0,0,0.0,236720587.5
09:40:03 AM,254.5,3325,846212.5,237566800.0
09:40:03 AM,254.25,0,0.0,237566800.0
09:40:04 AM,253.4,0,0.0,237566800.0
09:40:05 AM,253.9,2050,520495.0,238087295.0
09:40:05 AM,252.75,0,0.0,238087295.0
09:40:06 AM,253.65,0,0.0,238087295.0
09:40:06 AM,253.65,4125,1046306.25,239133601.25
09:40:07 AM,254.3,0,0.0,239133601.25
09:40:08 AM,252.95,6250,1580937.5,240714538.75
09:40:08 AM,253.2,0,0.0,240714538.75
09:40:09 AM,253.55,0,0.0,240714538.75
09:40:10 AM,254.15,2575,654436.25,241368975.0
09:40:11 AM,255.1,0,0.0,241368975.0
09:40:11 AM,256.35,6625,1698318.7500000002,243067293.75
09:40:12 AM,257.05,0,0.0,243067293.75
09:40:12 AM,258.45,0,0.0,243067293.75
09:40:13 AM,256.5,12850,3296025.0,246363318.75
09:40:14 AM,257.55,0,0.0,246363318.75
09:40:15 AM,254.5,0,0.0,246363318.75
09:40:15 AM,254.5,7400,1883300.0,248246618.75
09:40:15 AM,256.1,0,0.0,248246618.75
09:40:16 AM,254.25,0,0.0,248246618.75
09:40:16 AM,254.25,325,82631.25,248329250.0
09:40:18 AM,253.75,0,0.0,248329250.0
09:40:18 AM,253.8,600,152280.0,248481530.0
09:40:18 AM,253.15,0,0.0,248481530.0
09:40:19 AM,252.25,0,0.0,248481530.0
09:40:20 AM,254.25,1750,444937.5,248926467.5
09:40:21 AM,254.2,0,0.0,248926467.5
09:40:21 AM,253.95,3050,774547.5,249701015.0
09:40:23 AM,255.15,0,0.0,249701015.0
09:40:23 AM,256.05,4050,1037002.5,250738017.5
09:40:23 AM,255.85,0,0.0,250738017.5
09:40:24 AM,255.75,0,0.0,250738017.5
09:40:25 AM,255.55,3400,868870.0,251606887.5
09:40:25 AM,255.0,0,0.0,251606887.5
09:40:27 AM,254.75,1500,382125.0,251989012.5
09:40:27 AM,254.85,0,0.0,251989012.5
09:40:28 AM,253.05,0,0.0,251989012.5
09:40:28 AM,252.45,1850,467032.5,252456045.0
09:40:28 AM,252.5,0,0.0,252456045.0
09:40:29 AM,255.8,0,0.0,252456045.0
09:40:30 AM,256.5,2825,724612.5,253180657.5
09:40:30 AM,256.75,0,0.0,253180657.5
09:40:32 AM,256.95,2725,700188.75,253880846.25
09:40:33 AM,255.7,0,0.0,253880846.25
09:40:33 AM,255.15,1300,331695.0,254212541.25
09:40:33 AM,256.35,0,0.0,254212541.25
09:40:34 AM,255.1,0,0.0,254212541.25
09:40:35 AM,254.15,1525,387578.75,254600120.0
09:40:36 AM,255.1,0,0.0,254600120.0
09:40:37 AM,255.3,1050,268065.0,254868185.0
09:40:37 AM,255.1,0,0.0,254868185.0
09:40:37 AM,254.8,0,0.0,254868185.0
09:40:38 AM,256.3,375,96112.5,254964297.5
09:40:38 AM,256.0,0,0.0,254964297.5
09:40:39 AM,255.9,0,0.0,254964297.5
09:40:40 AM,256.4,975,249989.99999999997,255214287.5
09:40:42 AM,259.0,925,239575.0,255453862.5
09:40:43 AM,261.15,0,0.0,255453862.5
09:40:43 AM,260.2,1675,435835.0,255889697.5
09:40:44 AM,259.2,0,0.0,255889697.5
09:40:45 AM,257.75,0,0.0,255889697.5
09:40:45 AM,257.75,425,109543.75,255999241.25
09:40:45 AM,259.55,0,0.0,255999241.25
09:40:46 AM,257.4,0,0.0,255999241.25
09:40:47 AM,257.4,1075,276705.0,256275946.25
09:40:48 AM,256.45,0,0.0,256275946.25
09:40:48 AM,253.65,1500,380475.0,256656421.25
09:40:49 AM,253.5,0,0.0,256656421.25
09:40:50 AM,252.0,0,0.0,256656421.25
09:40:50 AM,252.0,1275,321300.0,256977721.25
09:40:50 AM,251.95,0,0.0,256977721.25
09:40:51 AM,252.2,0,0.0,256977721.25
09:40:52 AM,252.2,1550,390910.0,257368631.25
09:40:53 AM,251.3,0,0.0,257368631.25
09:40:53 AM,251.85,1825,459626.25,257828257.5
09:40:54 AM,251.65,0,0.0,257828257.5
09:40:55 AM,251.75,0,0.0,257828257.5
09:40:55 AM,252.55,400,101020.0,257929277.5
09:40:56 AM,252.6,0,0.0,257929277.5
09:40:56 AM,253.0,0,0.0,257929277.5
09:40:57 AM,253.0,75,18975.0,257948252.5
09:40:57 AM,253.75,0,0.0,257948252.5
09:40:58 AM,253.6,500,126800.0,258075052.5
09:40:59 AM,253.15,0,0.0,258075052.5
09:41:00 AM,255.0,0,0.0,258075052.5
09:41:00 AM,252.6,1875,473625.0,258548677.5
09:41:01 AM,252.05,0,0.0,258548677.5
09:41:02 AM,251.15,2075,521136.25,259069813.75
09:41:02 AM,251.9,0,0.0,259069813.75
09:41:03 AM,252.55,0,0.0,259069813.75
09:41:03 AM,252.55,425,107333.75,259177147.5
09:41:04 AM,253.0,0,0.0,259177147.5
09:41:04 AM,253.5,0,0.0,259177147.5
09:41:05 AM,253.3,1175,297627.5,259474775.0
09:41:07 AM,253.6,0,0.0,259474775.0
09:41:07 AM,253.6,425,107780.0,259582555.0
09:41:08 AM,254.2,0,0.0,259582555.0
09:41:08 AM,252.6,1400,353640.0,259936195.0
09:41:09 AM,251.85,0,0.0,259936195.0
09:41:10 AM,251.6,0,0.0,259936195.0
09:41:10 AM,251.6,475,119510.0,260055705.0
09:41:11 AM,253.3,0,0.0,260055705.0
09:41:12 AM,253.45,125,31681.25,260087386.25
09:41:13 AM,251.5,0,0.0,260087386.25
09:41:13 AM,252.4,325,82030.0,260169416.25
09:41:14 AM,254.2,0,0.0,260169416.25
09:41:15 AM,254.65,0,0.0,260169416.25
09:41:15 AM,255.15,3150,803722.5,260973138.75
09:41:16 AM,255.8,0,0.0,260973138.75
09:41:17 AM,254.85,0,0.0,260973138.75
09:41:17 AM,254.85,1250,318562.5,261291701.25
09:41:18 AM,255.65,0,0.0,261291701.25
09:41:18 AM,255.65,225,57521.25,261349222.5
09:41:19 AM,255.25,0,0.0,261349222.5
09:41:20 AM,254.4,0,0.0,261349222.5
09:41:20 AM,255.4,525,134085.0,261483307.5
09:41:21 AM,255.85,0,0.0,261483307.5
09:41:22 AM,254.15,0,0.0,261483307.5
09:41:22 AM,254.15,325,82598.75,261565906.25
09:41:23 AM,256.0,0,0.0,261565906.25
09:41:23 AM,255.75,1700,434775.0,262000681.25
09:41:25 AM,256.0,0,0.0,262000681.25
09:41:25 AM,255.85,500,127925.0,262128606.25
09:41:26 AM,254.7,0,0.0,262128606.25
09:41:27 AM,253.4,2325,589155.0,262717761.25
09:41:28 AM,252.9,0,0.0,262717761.25
09:41:28 AM,252.95,525,132798.75,262850560.0
09:41:29 AM,252.8,0,0.0,262850560.0
09:41:30 AM,253.05,0,0.0,262850560.0
09:41:30 AM,253.05,1550,392227.5,263242787.5
09:41:31 AM,254.6,0,0.0,263242787.5
09:41:32 AM,254.6,625,159125.0,263401912.5
09:41:32 AM,255.05,0,0.0,263401912.5
09:41:33 AM,255.85,0,0.0,263401912.5
09:41:33 AM,255.6,150,38340.0,263440252.5
09:41:35 AM,253.6,0,0.0,263440252.5
09:41:35 AM,254.15,275,69891.25,263510143.75
09:41:36 AM,255.85,0,0.0,263510143.75
09:41:37 AM,257.8,2000,515600.0,264025743.75
09:41:38 AM,255.75,0,0.0,264025743.75
09:41:38 AM,255.55,1225,313048.75,264338792.5
09:41:40 AM,253.7,0,0.0,264338792.5
09:41:40 AM,254.85,500,127425.0,264466217.5
09:41:41 AM,254.35,0,0.0,264466217.5
09:41:42 AM,253.8,0,0.0,264466217.5
09:41:42 AM,253.8,2525,640845.0,265107062.5
09:41:43 AM,254.6,0,0.0,265107062.5
09:41:43 AM,255.7,400,102280.0,265209342.5
09:41:44 AM,255.05,0,0.0,265209342.5
09:41:45 AM,255.2,0,0.0,265209342.5
09:41:45 AM,256.2,475,121695.0,265331037.5
09:41:46 AM,258.05,0,0.0,265331037.5
09:41:47 AM,259.65,0,0.0,265331037.5
09:41:47 AM,259.85,2275,591158.75,265922196.25
09:41:48 AM,258.8,0,0.0,265922196.25
09:41:48 AM,258.8,500,129400.0,266051596.25
09:41:49 AM,260.0,0,0.0,266051596.25
09:41:50 AM,258.15,725,187158.74999999997,266238755.0
09:41:51 AM,258.0,0,0.0,266238755.0
09:41:52 AM,258.9,0,0.0,266238755.0
09:41:52 AM,258.9,1950,504854.99999999994,266743610.0
09:41:53 AM,259.3,0,0.0,266743610.0
09:41:53 AM,259.3,275,71307.5,266814917.5
09:41:54 AM,258.0,0,0.0,266814917.5
09:41:55 AM,255.75,0,0.0,266814917.5
09:41:55 AM,255.75,1350,345262.5,267160180.0
09:41:56 AM,256.35,0,0.0,267160180.0
09:41:57 AM,255.95,0,0.0,267160180.0
09:41:57 AM,255.95,525,134373.75,267294553.75
09:41:58 AM,255.75,0,0.0,267294553.75
09:41:58 AM,255.8,375,95925.0,267390478.75
09:42:00 AM,255.7,0,0.0,267390478.75
09:42:00 AM,257.6,300,77280.0,267467758.75
09:42:01 AM,256.6,0,0.0,267467758.75
09:42:02 AM,253.7,3550,900635.0,268368393.75
09:42:02 AM,253.25,0,0.0,268368393.75
09:42:03 AM,254.3,0,0.0,268368393.75
09:42:03 AM,254.6,1000,254600.0,268622993.75
09:42:04 AM,255.15,0,0.0,268622993.75
09:42:05 AM,254.25,0,0.0,268622993.75
09:42:05 AM,254.25,1975,502143.75,269125137.5
09:42:06 AM,253.75,0,0.0,269125137.5
09:42:07 AM,255.15,350,89302.5,269214440.0
09:42:08 AM,255.35,0,0.0,269214440.0
09:42:08 AM,256.25,1150,294687.5,269509127.5
09:42:09 AM,255.8,0,0.0,269509127.5
09:42:10 AM,255.85,0,0.0,269509127.5
09:42:10 AM,256.9,875,224787.49999999997,269733915.0
09:42:11 AM,257.6,0,0.0,269733915.0
09:42:12 AM,257.55,875,225356.25,269959271.25
09:42:12 AM,257.5,0,0.0,269959271.25
09:42:13 AM,257.6,0,0.0,269959271.25
09:42:13 AM,257.7,925,238372.5,270197643.75
09:42:14 AM,257.0,0,0.0,270197643.75
09:42:15 AM,255.65,0,0.0,270197643.75
09:42:15 AM,254.75,500,127375.0,270325018.75
09:42:16 AM,252.0,0,0.0,270325018.75
09:42:17 AM,252.55,0,0.0,270325018.75
09:42:17 AM,251.9,700,176330.0,270501348.75
09:42:18 AM,252.1,0,0.0,270501348.75
09:42:18 AM,252.45,900,227205.0,270728553.75
09:42:19 AM,253.2,0,0.0,270728553.75
09:42:20 AM,253.6,0,0.0,270728553.75
09:42:20 AM,253.6,1250,317000.0,271045553.75
09:42:21 AM,253.75,0,0.0,271045553.75
09:42:22 AM,254.25,150,38137.5,271083691.25
09:42:23 AM,254.8,0,0.0,271083691.25
09:42:23 AM,254.8,75,19110.0,271102801.25
09:42:24 AM,255.0,0,0.0,271102801.25
09:42:25 AM,254.2,0,0.0,271102801.25
09:42:25 AM,254.2,200,50840.0,271153641.25
09:42:26 AM,253.95,0,0.0,271153641.25
09:42:26 AM,253.6,175,44380.0,271198021.25
09:42:28 AM,254.0,0,0.0,271198021.25
09:42:28 AM,254.0,50,12700.0,271210721.25
09:42:29 AM,254.65,0,0.0,271210721.25
09:42:30 AM,255.0,0,0.0,271210721.25
09:42:30 AM,255.1,1175,299742.5,271510463.75
09:42:31 AM,253.0,0,0.0,271510463.75
09:42:32 AM,252.9,325,82192.5,271592656.25
09:42:32 AM,253.5,0,0.0,271592656.25
09:42:33 AM,254.25,0,0.0,271592656.25
09:42:33 AM,255.05,650,165782.5,271758438.75
09:42:35 AM,255.0,0,0.0,271758438.75
09:42:35 AM,255.4,225,57465.0,271815903.75
09:42:36 AM,255.3,0,0.0,271815903.75
09:42:37 AM,254.45,125,31806.25,271847710.0
09:42:38 AM,254.1,0,0.0,271847710.0
09:42:38 AM,255.75,275,70331.25,271918041.25
09:42:39 AM,255.25,0,0.0,271918041.25
09:42:40 AM,256.8,0,0.0,271918041.25
09:42:40 AM,257.0,975,250575.0,272168616.25
09:42:42 AM,256.55,300,76965.0,272245581.25
09:42:43 AM,255.95,0,0.0,272245581.25
09:42:43 AM,255.0,300,76500.0,272322081.25
09:42:44 AM,255.2,0,0.0,272322081.25
09:42:45 AM,255.2,25,6380.0,272328461.25
09:42:45 AM,256.25,0,0.0,272328461.25
09:42:47 AM,256.25,25,6406.25,272334867.5
09:42:47 AM,256.35,0,0.0,272334867.5
09:42:48 AM,255.7,0,0.0,272334867.5
09:42:48 AM,255.7,750,191775.0,272526642.5
09:42:49 AM,255.8,0,0.0,272526642.5
09:42:50 AM,255.4,0,0.0,272526642.5
09:42:50 AM,255.4,850,217090.0,272743732.5
09:42:51 AM,255.5,0,0.0,272743732.5
09:42:52 AM,255.8,1100,281380.0,273025112.5
09:42:53 AM,256.05,0,0.0,273025112.5
09:42:53 AM,255.75,175,44756.25,273069868.75
09:42:54 AM,255.25,0,0.0,273069868.75
09:42:55 AM,255.85,0,0.0,273069868.75
09:42:55 AM,255.85,425,108736.25,273178605.0
09:42:56 AM,256.5,0,0.0,273178605.0
09:42:57 AM,256.45,450,115402.5,273294007.5
09:42:58 AM,257.15,0,0.0,273294007.5
09:42:58 AM,257.15,250,64287.49999999999,273358295.0
09:42:59 AM,256.35,0,0.0,273358295.0
09:43:00 AM,254.75,0,0.0,273358295.0
09:43:00 AM,255.0,1275,325125.0,273683420.0
09:43:02 AM,253.45,1175,297803.75,273981223.75
09:43:03 AM,251.7,0,0.0,273981223.75
09:43:03 AM,252.55,2500,631375.0,274612598.75
09:43:05 AM,252.8,0,0.0,274612598.75
09:43:05 AM,253.55,1175,297921.25,274910520.0
09:43:06 AM,253.85,0,0.0,274910520.0
09:43:07 AM,252.55,225,56823.75,274967343.75
09:43:08 AM,254.0,0,0.0,274967343.75
09:43:08 AM,254.0,250,63500.0,275030843.75
09:43:09 AM,253.95,0,0.0,275030843.75
09:43:10 AM,253.55,0,0.0,275030843.75
09:43:10 AM,253.55,2750,697262.5,275728106.25
09:43:11 AM,253.75,0,0.0,275728106.25
09:43:12 AM,254.65,725,184621.25,275912727.5
09:43:13 AM,256.1,0,0.0,275912727.5
09:43:13 AM,256.1,275,70427.5,275983155.0
09:43:14 AM,256.95,0,0.0,275983155.0
09:43:15 AM,256.5,0,0.0,275983155.0
09:43:15 AM,256.5,175,44887.5,276028042.5
09:43:16 AM,255.0,0,0.0,276028042.5
09:43:17 AM,256.0,500,128000.0,276156042.5
09:43:17 AM,254.3,0,0.0,276156042.5
09:43:18 AM,254.4,0,0.0,276156042.5
09:43:18 AM,256.55,1475,378411.25,276534453.75
09:43:20 AM,256.65,0,0.0,276534453.75
09:43:20 AM,256.65,225,57746.24999999999,276592200.0
09:43:21 AM,256.75,0,0.0,276592200.0
09:43:22 AM,253.55,625,158468.75,276750668.75
09:43:23 AM,254.45,300,76335.0,276827003.75
09:43:24 AM,254.05,0,0.0,276827003.75
09:43:25 AM,253.8,175,44415.0,276871418.75
09:43:26 AM,251.0,0,0.0,276871418.75
09:43:27 AM,248.65,0,0.0,276871418.75
09:43:27 AM,248.65,8500,2113525.0,278984943.75
09:43:28 AM,248.25,2950,732337.5,279717281.25
09:43:30 AM,248.5,0,0.0,279717281.25
09:43:30 AM,248.5,250,62125.0,279779406.25
09:43:31 AM,247.9,0,0.0,279779406.25
09:43:32 AM,248.55,525,130488.75,279909895.0
09:43:33 AM,248.05,0,0.0,279909895.0
09:43:33 AM,248.05,25,6201.25,279916096.25
09:43:34 AM,247.45,0,0.0,279916096.25
09:43:35 AM,247.65,0,0.0,279916096.25
09:43:35 AM,247.7,2900,718330.0,280634426.25
09:43:36 AM,246.05,0,0.0,280634426.25
09:43:37 AM,246.95,0,0.0,280634426.25
09:43:37 AM,246.95,1225,302513.75,280936940.0
09:43:38 AM,247.35,0,0.0,280936940.0
09:43:38 AM,248.05,950,235647.5,281172587.5
09:43:40 AM,247.05,0,0.0,281172587.5
09:43:40 AM,247.05,625,154406.25,281326993.75
09:43:41 AM,246.55,0,0.0,281326993.75
09:43:42 AM,245.85,850,208972.5,281535966.25
09:43:42 AM,246.4,0,0.0,281535966.25
09:43:43 AM,245.3,0,0.0,281535966.25
09:43:43 AM,244.45,4750,1161137.5,282697103.75
09:43:44 AM,245.95,0,0.0,282697103.75
09:43:45 AM,245.35,1250,306687.5,283003791.25
09:43:45 AM,246.15,0,0.0,283003791.25
09:43:46 AM,246.0,0,0.0,283003791.25
09:43:47 AM,245.8,900,221220.0,283225011.25
09:43:48 AM,245.7,0,0.0,283225011.25
09:43:48 AM,245.4,400,98160.0,283323171.25
09:43:49 AM,244.6,0,0.0,283323171.25
09:43:50 AM,245.65,0,0.0,283323171.25
09:43:50 AM,244.5,600,146700.0,283469871.25
09:43:51 AM,244.55,0,0.0,283469871.25
09:43:52 AM,244.45,0,0.0,283469871.25
09:43:52 AM,244.45,100,24445.0,283494316.25
09:43:53 AM,243.35,0,0.0,283494316.25
09:43:53 AM,242.75,2850,691837.5,284186153.75
09:43:54 AM,243.2,0,0.0,284186153.75
09:43:55 AM,242.4,0,0.0,284186153.75
09:43:55 AM,242.0,5000,1210000.0,285396153.75
09:43:56 AM,243.55,0,0.0,285396153.75
09:43:57 AM,243.5,5525,1345337.5,286741491.25
09:43:57 AM,243.55,0,0.0,286741491.25
09:43:58 AM,243.2,0,0.0,286741491.25
09:43:58 AM,243.2,625,152000.0,286893491.25
09:43:59 AM,241.5,0,0.0,286893491.25
09:44:00 AM,240.85,1975,475678.75,287369170.0
09:44:00 AM,241.6,0,0.0,287369170.0
09:44:01 AM,242.85,0,0.0,287369170.0
09:44:02 AM,242.35,0,0.0,287369170.0
09:44:02 AM,242.35,1700,411995.0,287781165.0
09:44:03 AM,244.5,0,0.0,287781165.0
09:44:03 AM,244.35,3950,965182.5,288746347.5
09:44:04 AM,243.1,0,0.0,288746347.5
09:44:05 AM,242.75,0,0.0,288746347.5
09:44:05 AM,243.0,3800,923400.0,289669747.5
09:44:07 AM,244.0,700,170800.0,289840547.5
09:44:07 AM,244.3,0,0.0,289840547.5
09:44:08 AM,242.9,0,0.0,289840547.5
09:44:08 AM,242.9,125,30362.5,289870910.0
09:44:09 AM,243.9,0,0.0,289870910.0
09:44:10 AM,244.05,0,0.0,289870910.0
09:44:10 AM,245.15,625,153218.75,290024128.75
09:44:11 AM,247.7,0,0.0,290024128.75
09:44:12 AM,247.55,0,0.0,290024128.75
09:44:12 AM,247.55,2250,556987.5,290581116.25
09:44:13 AM,246.8,0,0.0,290581116.25
09:44:13 AM,245.45,725,177951.25,290759067.5
09:44:14 AM,245.05,0,0.0,290759067.5
09:44:15 AM,244.95,0,0.0,290759067.5
09:44:15 AM,244.95,1275,312311.25,291071378.75
09:44:16 AM,243.65,0,0.0,291071378.75
09:44:17 AM,244.55,0,0.0,291071378.75
09:44:17 AM,244.55,1250,305687.5,291377066.25
09:44:18 AM,244.75,0,0.0,291377066.25
09:44:18 AM,247.55,1025,253738.75,291630805.0
09:44:19 AM,248.0,0,0.0,291630805.0
09:44:20 AM,245.95,0,0.0,291630805.0
09:44:20 AM,245.95,3625,891568.75,292522373.75
09:44:21 AM,244.85,0,0.0,292522373.75
09:44:22 AM,244.8,1200,293760.0,292816133.75
09:44:23 AM,245.3,0,0.0,292816133.75
09:44:23 AM,245.75,100,24575.0,292840708.75
09:44:24 AM,246.75,0,0.0,292840708.75
09:44:25 AM,247.65,0,0.0,292840708.75
09:44:25 AM,247.65,750,185737.5,293026446.25
09:44:26 AM,248.35,0,0.0,293026446.25
09:44:26 AM,247.9,725,179727.5,293206173.75
09:44:28 AM,248.55,0,0.0,293206173.75
09:44:28 AM,248.05,1300,322465.0,293528638.75
09:44:29 AM,248.5,0,0.0,293528638.75
09:44:30 AM,249.0,0,0.0,293528638.75
09:44:30 AM,249.6,1575,393120.0,293921758.75
09:44:31 AM,248.9,0,0.0,293921758.75
09:44:31 AM,249.65,2200,549230.0,294470988.75
09:44:33 AM,248.4,0,0.0,294470988.75
09:44:33 AM,249.95,2325,581133.75,295052122.5
09:44:34 AM,250.0,0,0.0,295052122.5
09:44:35 AM,248.05,0,0.0,295052122.5
