date,price,qty,trnvr,cum_trnvr
09:15:00 AM,1192.35,167242,199410998.7,199410998.7
09:15:00 AM,1190.15,0,0.0,199410998.7
09:15:02 AM,1190.15,35330,42047999.5,241458998.2
09:15:02 AM,1192.4,0,0.0,241458998.2
09:15:02 AM,1192.1,0,0.0,241458998.2
09:15:04 AM,1189.0,0,0.0,241458998.2
09:15:04 AM,1190.05,0,0.0,241458998.2
09:15:06 AM,1192.2,0,0.0,241458998.2
09:15:06 AM,1192.5,0,0.0,241458998.2
09:15:07 AM,1192.65,0,0.0,241458998.2
09:15:07 AM,1192.65,74346,88668756.9,330127755.1
09:15:08 AM,1192.5,0,0.0,330127755.1
09:15:08 AM,1193.8,0,0.0,330127755.1
09:15:09 AM,1193.4,0,0.0,330127755.1
09:15:09 AM,1193.0,9648,11510064.0,341637819.1
09:15:10 AM,1193.9,0,0.0,341637819.1
09:15:10 AM,1195.7,0,0.0,341637819.1
09:15:10 AM,1194.85,0,0.0,341637819.1
09:15:11 AM,1195.75,0,0.0,341637819.1
09:15:11 AM,1195.9,0,0.0,341637819.1
09:15:12 AM,1195.35,0,0.0,341637819.1
09:15:12 AM,1193.6,0,0.0,341637819.1
09:15:13 AM,1193.4,26428,31539175.200000003,373176994.3
09:15:13 AM,1194.7,0,0.0,373176994.3
09:15:14 AM,1194.8,0,0.0,373176994.3
09:15:14 AM,1192.8,0,0.0,373176994.3
09:15:15 AM,1192.85,0,0.0,373176994.3
09:15:15 AM,1192.85,15499,18487982.15,391664976.45
09:15:16 AM,1192.55,0,0.0,391664976.45
09:15:16 AM,1193.35,0,0.0,391664976.45
09:15:17 AM,1193.4,0,0.0,391664976.45
09:15:17 AM,1193.85,0,0.0,391664976.45
09:15:18 AM,1193.05,0,0.0,391664976.45
09:15:18 AM,1194.1,0,0.0,391664976.45
09:15:18 AM,1193.95,35000,41788250.0,433453226.45
09:15:19 AM,1194.0,0,0.0,433453226.45
09:15:19 AM,1194.1,0,0.0,433453226.45
09:15:20 AM,1193.3,0,0.0,433453226.45
09:15:20 AM,1193.85,0,0.0,433453226.45
09:15:20 AM,1193.85,6081,7259801.85,440713028.3
09:15:21 AM,1194.05,0,0.0,440713028.3
09:15:21 AM,1194.1,0,0.0,440713028.3
09:15:22 AM,1195.7,0,0.0,440713028.3
09:15:22 AM,1196.0,0,0.0,440713028.3
09:15:22 AM,1195.0,0,0.0,440713028.3
09:15:23 AM,1195.0,22521,26912595.0,467625623.3
09:15:23 AM,1195.95,0,0.0,467625623.3
09:15:23 AM,1195.9,0,0.0,467625623.3
09:15:25 AM,1196.6,6332,7576871.199999999,475202494.5
09:15:25 AM,1197.0,0,0.0,475202494.5
09:15:25 AM,1197.3,0,0.0,475202494.5
09:15:26 AM,1196.5,0,0.0,475202494.5
09:15:26 AM,1197.95,0,0.0,475202494.5
09:15:27 AM,1197.3,0,0.0,475202494.5
09:15:28 AM,1197.6,9962,11930491.2,487132985.7
09:15:28 AM,1198.45,0,0.0,487132985.7
09:15:28 AM,1198.2,0,0.0,487132985.7
09:15:28 AM,1198.95,0,0.0,487132985.7
09:15:29 AM,1198.25,7356,8814327.0,495947312.7
09:15:29 AM,1198.2,0,0.0,495947312.7
09:15:29 AM,1197.4,0,0.0,495947312.7
09:15:30 AM,1198.7,0,0.0,495947312.7
09:15:31 AM,1198.35,0,0.0,495947312.7
09:15:32 AM,1199.9,0,0.0,495947312.7
09:15:32 AM,1199.5,43303,51941948.5,547889261.2
09:15:32 AM,1199.2,0,0.0,547889261.2
09:15:33 AM,1197.9,0,0.0,547889261.2
09:15:33 AM,1198.75,0,0.0,547889261.2
09:15:33 AM,1198.7,6656,7978547.2,555867808.4000001
09:15:33 AM,1199.5,0,0.0,555867808.4000001
09:15:35 AM,1197.5,0,0.0,555867808.4000001
09:15:35 AM,1197.2,0,0.0,555867808.4000001
09:15:35 AM,1196.95,0,0.0,555867808.4000001
09:15:36 AM,1197.0,0,0.0,555867808.4000001
09:15:36 AM,1197.45,22582,27040815.900000002,582908624.3000001
09:15:37 AM,1198.25,0,0.0,582908624.3000001
09:15:37 AM,1198.3,0,0.0,582908624.3000001
09:15:38 AM,1198.3,21831,26160087.3,609068711.6
09:15:38 AM,1197.9,0,0.0,609068711.6
09:15:38 AM,1197.35,0,0.0,609068711.6
09:15:38 AM,1197.45,0,0.0,609068711.6
09:15:40 AM,1197.35,0,0.0,609068711.6
09:15:40 AM,1196.45,0,0.0,609068711.6
09:15:40 AM,1196.6,0,0.0,609068711.6
09:15:40 AM,1196.6,7119,8518595.399999999,617587307.0
09:15:42 AM,1197.6,11340,13580783.999999998,631168091.0
09:15:42 AM,1197.9,0,0.0,631168091.0
09:15:43 AM,1197.0,0,0.0,631168091.0
09:15:43 AM,1197.05,0,0.0,631168091.0
09:15:43 AM,1197.0,0,0.0,631168091.0
09:15:44 AM,1197.1,0,0.0,631168091.0
09:15:44 AM,1197.3,0,0.0,631168091.0
09:15:45 AM,1196.55,14098,16868961.9,648037052.9
09:15:45 AM,1197.05,0,0.0,648037052.9
09:15:45 AM,1197.0,0,0.0,648037052.9
09:15:46 AM,1196.9,0,0.0,648037052.9
09:15:46 AM,1196.45,6625,7926481.25,655963534.15
09:15:46 AM,1195.6,0,0.0,655963534.15
09:15:48 AM,1196.3,0,0.0,655963534.15
09:15:48 AM,1196.2,0,0.0,655963534.15
09:15:48 AM,1195.9,0,0.0,655963534.15
09:15:49 AM,1195.85,0,0.0,655963534.15
09:15:49 AM,1195.6,5001,5979195.6,661942729.75
09:15:50 AM,1195.0,0,0.0,661942729.75
09:15:51 AM,1194.6,16625,19860225.0,681802954.75
09:15:51 AM,1193.7,0,0.0,681802954.75
09:15:51 AM,1193.55,0,0.0,681802954.75
09:15:52 AM,1194.15,0,0.0,681802954.75
09:15:52 AM,1193.05,0,0.0,681802954.75
09:15:52 AM,1193.7,0,0.0,681802954.75
09:15:53 AM,1193.0,0,0.0,681802954.75
09:15:54 AM,1193.35,7373,8798569.549999999,690601524.3
09:15:55 AM,1193.3,0,0.0,690601524.3
09:15:55 AM,1193.2,5081,6062649.2,696664173.5
09:15:55 AM,1193.15,0,0.0,696664173.5
09:15:56 AM,1192.35,0,0.0,696664173.5
09:15:56 AM,1192.5,0,0.0,696664173.5
09:15:56 AM,1193.0,0,0.0,696664173.5
09:15:57 AM,1194.2,0,0.0,696664173.5
09:15:58 AM,1194.05,0,0.0,696664173.5
09:15:58 AM,1194.9,29089,34758446.1,731422619.6
09:15:58 AM,1194.25,0,0.0,731422619.6
09:15:59 AM,1194.45,0,0.0,731422619.6
09:15:59 AM,1195.0,1136,1357520.0,732780139.6
09:16:00 AM,1194.8,0,0.0,732780139.6
09:16:00 AM,1194.85,0,0.0,732780139.6
09:16:00 AM,1194.5,0,0.0,732780139.6
09:16:01 AM,1194.65,0,0.0,732780139.6
09:16:02 AM,1195.15,0,0.0,732780139.6
09:16:02 AM,1195.8,0,0.0,732780139.6
09:16:02 AM,1194.7,10479,12519261.3,745299400.9
09:16:02 AM,1194.65,0,0.0,745299400.9
09:16:03 AM,1195.35,0,0.0,745299400.9
09:16:03 AM,1195.7,4800,5739360.0,751038760.9
09:16:04 AM,1194.75,0,0.0,751038760.9
09:16:05 AM,1194.85,0,0.0,751038760.9
09:16:05 AM,1195.2,0,0.0,751038760.9
09:16:06 AM,1195.55,0,0.0,751038760.9
09:16:06 AM,1195.8,0,0.0,751038760.9
09:16:06 AM,1196.15,7292,8722325.8,759761086.6999999
09:16:06 AM,1195.5,0,0.0,759761086.6999999
09:16:08 AM,1196.6,6240,7466783.999999999,767227870.6999999
09:16:08 AM,1196.55,0,0.0,767227870.6999999
09:16:08 AM,1195.75,0,0.0,767227870.6999999
09:16:09 AM,1196.95,0,0.0,767227870.6999999
09:16:09 AM,1197.55,0,0.0,767227870.6999999
09:16:09 AM,1197.1,0,0.0,767227870.6999999
09:16:10 AM,1196.8,0,0.0,767227870.6999999
09:16:10 AM,1196.55,0,0.0,767227870.6999999
09:16:11 AM,1197.25,16683,19973721.75,787201592.4499999
09:16:12 AM,1197.7,5700,6826890.0,794028482.4499999
09:16:12 AM,1197.25,0,0.0,794028482.4499999
09:16:12 AM,1197.9,0,0.0,794028482.4499999
09:16:13 AM,1197.9,2527,3027093.3000000003,797055575.7499999
09:16:13 AM,1198.8,0,0.0,797055575.7499999
09:16:13 AM,1198.05,0,0.0,797055575.7499999
09:16:14 AM,1197.8,9134,10940705.2,807996280.9499999
09:16:14 AM,1198.55,155,185775.25,808182056.1999999
09:16:14 AM,1197.85,0,0.0,808182056.1999999
09:16:14 AM,1198.65,0,0.0,808182056.1999999
09:16:15 AM,1197.9,792,948736.8,809130792.9999999
09:16:15 AM,1198.85,150,179827.5,809310620.4999999
09:16:15 AM,1198.05,0,0.0,809310620.4999999
09:16:15 AM,1198.75,0,0.0,809310620.4999999
09:16:16 AM,1198.05,107,128191.34999999999,809438811.8499999
09:16:16 AM,1198.7,50,59935.0,809498746.8499999
09:16:16 AM,1198.05,0,0.0,809498746.8499999
09:16:17 AM,1198.15,5559,6660515.850000001,816159262.6999999
09:16:17 AM,1198.0,9027,10814346.0,826973608.6999999
09:16:18 AM,1198.05,2425,2905271.25,829878879.9499999
09:16:18 AM,1198.0,1310,1569380.0,831448259.9499999
09:16:19 AM,1198.6,4491,5382912.6,836831172.55
09:16:19 AM,1198.0,371,444458.0,837275630.55
09:16:19 AM,1198.05,0,0.0,837275630.55
09:16:20 AM,1198.0,4586,5494028.0,842769658.55
09:16:21 AM,1198.0,5671,6793858.0,849563516.55
09:16:21 AM,1198.0,380,455240.0,850018756.55
09:16:22 AM,1198.0,1501,1798198.0,851816954.55
09:16:22 AM,1198.05,71,85061.55,851902016.0999999
09:16:22 AM,1198.4,0,0.0,851902016.0999999
09:16:23 AM,1198.4,1122,1344604.8,853246620.8999999
09:16:23 AM,1198.4,20,23968.0,853270588.8999999
09:16:24 AM,1198.35,8806,10552670.1,863823258.9999999
09:16:24 AM,1198.0,2545,3048910.0,866872168.9999999
09:16:24 AM,1198.55,0,0.0,866872168.9999999
09:16:25 AM,1198.4,2867,3435812.8000000003,870307981.7999998
09:16:25 AM,1198.35,978,1171986.2999999998,871479968.0999998
09:16:25 AM,1198.85,0,0.0,871479968.0999998
09:16:25 AM,1198.25,0,0.0,871479968.0999998
09:16:26 AM,1198.0,1380,1653240.0,873133208.0999998
09:16:26 AM,1198.0,60,71880.0,873205088.0999998
09:16:26 AM,1198.9,0,0.0,873205088.0999998
09:16:26 AM,1198.45,0,0.0,873205088.0999998
09:16:27 AM,1198.45,638,764611.1,873969699.1999998
09:16:27 AM,1199.0,7,8393.0,873978092.1999998
09:16:27 AM,1198.4,0,0.0,873978092.1999998
09:16:28 AM,1197.8,4139,4957694.2,878935786.3999999
09:16:28 AM,1198.4,0,0.0,878935786.3999999
09:16:29 AM,1197.85,1239,1484136.15,880419922.5499998
09:16:29 AM,1198.4,45,53928.00000000001,880473850.5499998
09:16:29 AM,1198.0,0,0.0,880473850.5499998
09:16:30 AM,1198.0,1230,1473540.0,881947390.5499998
09:16:30 AM,1198.0,10,11980.0,881959370.5499998
09:16:31 AM,1197.55,1260,1508913.0,883468283.5499998
09:16:31 AM,1197.5,17532,20994570.0,904462853.5499998
09:16:31 AM,1197.9,0,0.0,904462853.5499998
09:16:31 AM,1198.0,0,0.0,904462853.5499998
09:16:32 AM,1197.9,626,749885.4,905212738.9499998
09:16:32 AM,1197.9,1349,1615967.1,906828706.0499998
09:16:32 AM,1198.0,0,0.0,906828706.0499998
09:16:32 AM,1197.45,0,0.0,906828706.0499998
09:16:33 AM,1197.1,950,1137245.0,907965951.0499998
09:16:33 AM,1196.85,0,0.0,907965951.0499998
09:16:34 AM,1196.95,1578,1888787.1,909854738.1499999
09:16:34 AM,1197.0,2001,2395197.0,912249935.1499999
09:16:34 AM,1197.35,0,0.0,912249935.1499999
09:16:34 AM,1196.65,0,0.0,912249935.1499999
09:16:35 AM,1196.65,657,786199.05,913036134.1999998
09:16:35 AM,1197.15,5,5985.75,913042119.9499998
09:16:35 AM,1195.65,0,0.0,913042119.9499998
09:16:36 AM,1196.15,1163,1391122.4500000002,914433242.3999999
09:16:36 AM,1196.3,100,119630.0,914552872.3999999
09:16:36 AM,1196.4,0,0.0,914552872.3999999
09:16:36 AM,1196.65,0,0.0,914552872.3999999
09:16:37 AM,1196.45,7065,8452919.25,923005791.6499999
09:16:37 AM,1196.55,0,0.0,923005791.6499999
09:16:38 AM,1195.85,247,295374.94999999995,923301166.5999999
09:16:38 AM,1196.3,60,71778.0,923372944.5999999
09:16:38 AM,1196.4,0,0.0,923372944.5999999
09:16:38 AM,1196.1,0,0.0,923372944.5999999
09:16:39 AM,1195.95,559,668536.05,924041480.6499999
09:16:39 AM,1196.65,35,41882.75,924083363.3999999
09:16:39 AM,1195.95,0,0.0,924083363.3999999
09:16:39 AM,1197.0,0,0.0,924083363.3999999
09:16:40 AM,1197.0,14748,17653356.0,941736719.3999999
09:16:40 AM,1197.0,1015,1214955.0,942951674.3999999
09:16:40 AM,1196.75,0,0.0,942951674.3999999
09:16:41 AM,1196.75,1874,2242709.5,945194383.8999999
09:16:41 AM,1197.0,318,380646.0,945575029.8999999
09:16:41 AM,1197.2,0,0.0,945575029.8999999
09:16:42 AM,1197.1,141,168791.09999999998,945743820.9999999
09:16:42 AM,1197.65,300,359295.0,946103115.9999999
09:16:42 AM,1197.0,0,0.0,946103115.9999999
09:16:43 AM,1197.8,610,730658.0,946833773.9999999
09:16:43 AM,1197.3,5,5986.5,946839760.4999999
09:16:43 AM,1197.1,0,0.0,946839760.4999999
09:16:43 AM,1197.25,0,0.0,946839760.4999999
09:16:44 AM,1197.25,2013,2410064.25,949249824.7499999
09:16:44 AM,1197.3,69,82613.7,949332438.4499999
09:16:44 AM,1197.1,0,0.0,949332438.4499999
09:16:44 AM,1197.7,0,0.0,949332438.4499999
09:16:45 AM,1197.7,392,469498.4,949801936.8499999
09:16:45 AM,1197.05,75,89778.75,949891715.5999999
09:16:45 AM,1197.65,0,0.0,949891715.5999999
09:16:46 AM,1197.2,201,240637.2,950132352.8
09:16:46 AM,1197.65,240,287436.0,950419788.8
09:16:46 AM,1197.2,0,0.0,950419788.8
09:16:46 AM,1197.9,0,0.0,950419788.8
09:16:47 AM,1197.9,5075,6079342.5,956499131.3
09:16:47 AM,1197.9,100,119790.00000000001,956618921.3
09:16:47 AM,1198.2,0,0.0,956618921.3
09:16:48 AM,1198.2,5602,6712316.4,963331237.6999999
09:16:48 AM,1197.9,252,301870.80000000005,963633108.4999999
09:16:48 AM,1197.6,0,0.0,963633108.4999999
09:16:49 AM,1197.2,1655,1981366.0,965614474.4999999
09:16:49 AM,1197.35,0,0.0,965614474.4999999
09:16:50 AM,1197.5,788,943630.0,966558104.4999999
09:16:50 AM,1197.5,50,59875.0,966617979.4999999
09:16:50 AM,1197.6,0,0.0,966617979.4999999
09:16:51 AM,1197.6,605,724548.0,967342527.4999999
09:16:51 AM,1196.85,676,809070.6,968151598.0999999
09:16:51 AM,1197.9,0,0.0,968151598.0999999
09:16:52 AM,1197.35,1468,1757709.7999999998,969909307.8999999
09:16:52 AM,1197.9,10,11979.0,969921286.8999999
09:16:52 AM,1198.0,0,0.0,969921286.8999999
09:16:52 AM,1197.65,0,0.0,969921286.8999999
09:16:53 AM,1197.6,3796,4546089.6,974467376.4999999
09:16:53 AM,1197.4,650,778310.0000000001,975245686.4999999
09:16:53 AM,1197.9,0,0.0,975245686.4999999
09:16:54 AM,1197.9,845,1012225.5000000001,976257911.9999999
09:16:54 AM,1197.7,0,0.0,976257911.9999999
09:16:54 AM,1197.3,0,0.0,976257911.9999999
09:16:55 AM,1197.3,2388,2859152.4,979117064.3999999
09:16:55 AM,1197.0,754,902538.0,980019602.3999999
09:16:55 AM,1197.6,0,0.0,980019602.3999999
09:16:56 AM,1197.3,311,372360.3,980391962.6999998
09:16:56 AM,1197.85,2,2395.7,980394358.3999999
09:16:56 AM,1197.2,0,0.0,980394358.3999999
09:16:56 AM,1197.1,0,0.0,980394358.3999999
09:16:57 AM,1197.1,1644,1968032.4,982362390.7999998
09:16:57 AM,1197.75,255,305426.25,982667817.0499998
09:16:57 AM,1197.15,0,0.0,982667817.0499998
09:16:58 AM,1197.05,1544,1848245.2,984516062.2499999
09:16:58 AM,1197.75,27,32339.25,984548401.4999999
09:16:58 AM,1196.95,0,0.0,984548401.4999999
09:16:58 AM,1197.2,0,0.0,984548401.4999999
09:16:59 AM,1197.2,812,972126.4,985520527.8999999
09:16:59 AM,1197.0,1,1197.0,985521724.8999999
09:16:59 AM,1196.75,0,0.0,985521724.8999999
09:17:00 AM,1196.75,299,357828.25,985879553.1499999
09:17:00 AM,1196.35,0,0.0,985879553.1499999
09:17:00 AM,1196.8,0,0.0,985879553.1499999
09:17:01 AM,1196.45,758,906909.1,986786462.2499999
09:17:01 AM,1196.9,76,90964.40000000001,986877426.6499999
09:17:01 AM,1196.8,0,0.0,986877426.6499999
09:17:02 AM,1197.05,1512,1809939.5999999999,988687366.2499999
09:17:02 AM,1196.8,50,59840.0,988747206.2499999
09:17:02 AM,1196.35,0,0.0,988747206.2499999
09:17:03 AM,1196.35,40,47854.0,988795060.2499999
09:17:03 AM,1196.3,0,0.0,988795060.2499999
09:17:04 AM,1196.85,282,337511.69999999995,989132571.9499999
09:17:04 AM,1196.85,2,2393.7,989134965.65
09:17:04 AM,1197.0,0,0.0,989134965.65
09:17:05 AM,1196.8,2805,3357024.0,992491989.65
09:17:05 AM,1197.0,9296,11127312.0,1003619301.65
09:17:05 AM,1197.05,0,0.0,1003619301.65
09:17:06 AM,1197.05,1522,1821910.0999999999,1005441211.75
09:17:06 AM,1198.3,0,0.0,1005441211.75
09:17:06 AM,1197.75,0,0.0,1005441211.75
09:17:07 AM,1197.75,3169,3795669.75,1009236881.5
09:17:07 AM,1197.75,268,320997.0,1009557878.5
09:17:07 AM,1197.7,0,0.0,1009557878.5
09:17:07 AM,1198.45,0,0.0,1009557878.5
09:17:08 AM,1198.75,2381,2854223.75,1012412102.25
09:17:08 AM,1198.1,115,137781.5,1012549883.75
09:17:08 AM,1198.05,0,0.0,1012549883.75
09:17:09 AM,1198.6,86,103079.59999999999,1012652963.35
09:17:09 AM,1198.0,700,838600.0,1013491563.35
09:17:09 AM,1198.05,0,0.0,1013491563.35
09:17:10 AM,1198.4,1017,1218772.8,1014710336.15
09:17:10 AM,1197.7,0,0.0,1014710336.15
09:17:10 AM,1197.95,0,0.0,1014710336.15
09:17:11 AM,1198.4,6153,7373755.2,1022084091.35
09:17:11 AM,1198.7,904,1083624.8,1023167716.15
09:17:11 AM,1198.8,0,0.0,1023167716.15
09:17:12 AM,1198.1,5767,6909442.699999999,1030077158.85
09:17:12 AM,1198.1,242,289940.19999999995,1030367099.0500001
09:17:13 AM,1198.0,1595,1910810.0,1032277909.0500001
09:17:13 AM,1198.1,132,158149.19999999998,1032436058.2500001
09:17:13 AM,1198.65,0,0.0,1032436058.2500001
09:17:13 AM,1198.0,0,0.0,1032436058.2500001
09:17:14 AM,1198.7,1430,1714141.0,1034150199.2500001
09:17:14 AM,1198.95,31,37167.450000000004,1034187366.7000002
09:17:15 AM,1198.55,891,1067908.05,1035255274.7500001
09:17:16 AM,1198.5,4965,5950552.5,1041205827.2500001
09:17:16 AM,1198.2,150,179730.0,1041385557.2500001
09:17:17 AM,1198.3,2980,3570934.0,1044956491.2500001
09:17:17 AM,1198.25,1656,1984302.0,1046940793.2500001
09:17:17 AM,1198.15,0,0.0,1046940793.2500001
09:17:18 AM,1198.15,2312,2770122.8000000003,1049710916.0500001
09:17:18 AM,1198.2,349,418171.8,1050129087.85
09:17:18 AM,1198.7,0,0.0,1050129087.85
09:17:19 AM,1198.95,4670,5599096.5,1055728184.35
09:17:19 AM,1198.45,3314,3971663.3000000003,1059699847.65
09:17:19 AM,1198.9,0,0.0,1059699847.65
09:17:20 AM,1198.45,5321,6376952.45,1066076800.1
09:17:20 AM,1198.8,693,830768.4,1066907568.5
09:17:20 AM,1199.2,0,0.0,1066907568.5
09:17:20 AM,1198.6,0,0.0,1066907568.5
09:17:21 AM,1198.9,11402,13669857.8,1080577426.3
09:17:21 AM,1199.15,174,208652.1,1080786078.3999999
09:17:21 AM,1199.1,0,0.0,1080786078.3999999
09:17:21 AM,1198.85,0,0.0,1080786078.3999999
09:17:22 AM,1198.55,2453,2940043.15,1083726121.55
09:17:22 AM,1198.9,156,187028.40000000002,1083913149.95
09:17:22 AM,1199.1,0,0.0,1083913149.95
09:17:22 AM,1199.0,0,0.0,1083913149.95
09:17:23 AM,1199.0,3155,3782845.0,1087695994.95
09:17:23 AM,1198.55,344,412301.2,1088108296.15
09:17:23 AM,1198.8,0,0.0,1088108296.15
09:17:24 AM,1198.7,99,118671.3,1088226967.45
09:17:24 AM,1198.7,31,37159.700000000004,1088264127.15
09:17:25 AM,1198.2,971,1163452.2,1089427579.3500001
09:17:25 AM,1199.25,415,497688.75,1089925268.1000001
09:17:26 AM,1198.45,1187,1422560.1500000001,1091347828.2500002
09:17:26 AM,1199.05,751,900486.5499999999,1092248314.8000002
09:17:27 AM,1199.1,696,834573.6,1093082888.4
09:17:27 AM,1198.8,118,141458.4,1093224346.8000002
09:17:27 AM,1199.0,0,0.0,1093224346.8000002
09:17:28 AM,1198.45,748,896440.6,1094120787.4
09:17:28 AM,1198.2,1356,1624759.2,1095745546.6000001
09:17:28 AM,1198.3,0,0.0,1095745546.6000001
09:17:29 AM,1198.2,913,1093956.6,1096839503.2
09:17:29 AM,1197.7,28,33535.6,1096873038.8
09:17:30 AM,1198.25,131,156970.75,1097030009.55
09:17:30 AM,1197.8,26,31142.8,1097061152.35
09:17:30 AM,1198.2,0,0.0,1097061152.35
09:17:31 AM,1198.0,8891,10651418.0,1107712570.35
09:17:31 AM,1197.9,164,196455.6,1107909025.9499998
09:17:32 AM,1197.55,991,1186772.05,1109095797.9999998
09:17:32 AM,1197.75,251,300635.25,1109396433.2499998
09:17:32 AM,1198.0,0,0.0,1109396433.2499998
09:17:33 AM,1198.0,863,1033874.0,1110430307.2499998
09:17:34 AM,1197.5,441,528097.5,1110958404.7499998
09:17:34 AM,1197.7,1062,1271957.4000000001,1112230362.1499999
09:17:34 AM,1197.35,0,0.0,1112230362.1499999
09:17:35 AM,1198.0,1134,1358532.0,1113588894.1499999
09:17:35 AM,1198.0,25,29950.0,1113618844.1499999
09:17:35 AM,1197.5,0,0.0,1113618844.1499999
09:17:36 AM,1197.55,335,401179.25,1114020023.3999999
09:17:36 AM,1197.65,403,482652.95,1114502676.35
09:17:36 AM,1198.0,0,0.0,1114502676.35
09:17:37 AM,1197.45,1416,1695589.2,1116198265.55
09:17:37 AM,1197.4,678,811837.2000000001,1117010102.75
09:17:38 AM,1196.35,2490,2978911.5,1119989014.25
09:17:38 AM,1196.6,20,23932.0,1120012946.25
09:17:38 AM,1196.65,0,0.0,1120012946.25
09:17:38 AM,1196.15,0,0.0,1120012946.25
09:17:39 AM,1196.85,655,783936.7499999999,1120796883.0
09:17:39 AM,1197.3,643,769863.9,1121566746.9
09:17:40 AM,1196.6,338,404450.8,1121971197.7
09:17:40 AM,1196.9,1,1196.9,1121972394.6000001
09:17:41 AM,1196.95,2550,3052222.5,1125024617.1000001
09:17:41 AM,1197.55,80,95804.0,1125120421.1000001
09:17:42 AM,1196.65,658,787395.7000000001,1125907816.8000002
09:17:42 AM,1196.65,164,196250.6,1126104067.4
09:17:42 AM,1197.15,0,0.0,1126104067.4
09:17:43 AM,1196.65,561,671320.65,1126775388.0500002
09:17:43 AM,1196.3,199,238063.69999999998,1127013451.7500002
09:17:44 AM,1197.25,1281,1533677.25,1128547129.0000002
09:17:44 AM,1197.4,770,921998.0000000001,1129469127.0000002
09:17:45 AM,1196.7,523,625874.1,1130095001.1000001
09:17:45 AM,1197.3,20,23946.0,1130118947.1000001
09:17:45 AM,1196.7,0,0.0,1130118947.1000001
09:17:46 AM,1197.5,230,275425.0,1130394372.1000001
09:17:46 AM,1197.0,547,654759.0,1131049131.1000001
09:17:47 AM,1197.45,602,720864.9,1131769996.0000002
09:17:47 AM,1197.0,0,0.0,1131769996.0000002
09:17:48 AM,1197.0,1140,1364580.0,1133134576.0000002
09:17:48 AM,1197.25,40,47890.0,1133182466.0000002
09:17:49 AM,1197.0,1477,1767969.0,1134950435.0000002
09:17:49 AM,1197.0,118,141246.0,1135091681.0000002
09:17:50 AM,1197.25,2594,3105666.5,1138197347.5000002
09:17:50 AM,1197.3,2,2394.6,1138199742.1000001
09:17:51 AM,1197.35,444,531623.3999999999,1138731365.5000002
09:17:51 AM,1197.0,7,8379.0,1138739744.5000002
09:17:52 AM,1197.0,564,675108.0,1139414852.5000002
09:17:52 AM,1197.0,1,1197.0,1139416049.5000002
09:17:53 AM,1196.9,35,41891.5,1139457941.0000002
09:17:53 AM,1196.35,15,17945.25,1139475886.2500002
09:17:53 AM,1196.65,0,0.0,1139475886.2500002
09:17:54 AM,1196.95,339,405766.05,1139881652.3000002
09:17:54 AM,1196.9,0,0.0,1139881652.3000002
09:17:55 AM,1196.3,422,504838.6,1140386490.9
09:17:55 AM,1196.85,111,132850.34999999998,1140519341.25
09:17:55 AM,1196.95,0,0.0,1140519341.25
09:17:56 AM,1196.35,959,1147299.65,1141666640.9
09:17:57 AM,1196.2,741,886384.2000000001,1142553025.1000001
09:17:57 AM,1196.8,50,59840.0,1142612865.1000001
09:17:57 AM,1196.85,0,0.0,1142612865.1000001
09:17:58 AM,1196.85,234,280062.89999999997,1142892928.0000002
09:17:59 AM,1196.85,51,61039.35,1142953967.3500001
09:17:59 AM,1196.85,4,4787.4,1142958754.7500002
09:17:59 AM,1196.55,0,0.0,1142958754.7500002
09:18:00 AM,1196.65,385,460710.25000000006,1143419465.0000002
09:18:00 AM,1196.95,205,245374.75,1143664839.7500002
09:18:01 AM,1196.55,214,256061.69999999998,1143920901.4500003
09:18:01 AM,1196.95,20,23939.0,1143944840.4500003
09:18:01 AM,1197.0,0,0.0,1143944840.4500003
09:18:02 AM,1196.65,2195,2626646.75,1146571487.2000003
09:18:02 AM,1197.0,25,29925.0,1146601412.2000003
09:18:02 AM,1196.65,0,0.0,1146601412.2000003
09:18:03 AM,1196.3,5304,6345175.2,1152946587.4000003
09:18:03 AM,1196.1,0,0.0,1152946587.4000003
09:18:04 AM,1196.0,1787,2137252.0,1155083839.4000003
09:18:04 AM,1195.5,0,0.0,1155083839.4000003
09:18:05 AM,1195.4,114,136275.6,1155220115.0000002
09:18:05 AM,1195.0,0,0.0,1155220115.0000002
09:18:06 AM,1195.45,2569,3071111.0500000003,1158291226.0500002
09:18:06 AM,1195.55,0,0.0,1158291226.0500002
09:18:07 AM,1195.55,66,78906.3,1158370132.3500001
09:18:07 AM,1195.25,0,0.0,1158370132.3500001
09:18:07 AM,1195.15,0,0.0,1158370132.3500001
09:18:08 AM,1195.4,2423,2896454.2,1161266586.5500002
09:18:08 AM,1195.55,0,0.0,1161266586.5500002
09:18:08 AM,1195.25,0,0.0,1161266586.5500002
09:18:09 AM,1195.25,499,596429.75,1161863016.3000002
09:18:09 AM,1195.0,1,1195.0,1161864211.3000002
09:18:09 AM,1195.8,0,0.0,1161864211.3000002
09:18:10 AM,1195.8,7471,8933821.799999999,1170798033.1000001
09:18:10 AM,1196.25,0,0.0,1170798033.1000001
09:18:11 AM,1196.6,8398,10049046.799999999,1180847079.9
09:18:11 AM,1196.8,53,63430.399999999994,1180910510.3000002
09:18:11 AM,1196.9,0,0.0,1180910510.3000002
09:18:11 AM,1197.2,0,0.0,1180910510.3000002
09:18:12 AM,1197.2,3863,4624783.600000001,1185535293.9
09:18:12 AM,1197.2,150,179580.0,1185714873.9
09:18:12 AM,1197.7,0,0.0,1185714873.9
09:18:12 AM,1197.4,0,0.0,1185714873.9
09:18:13 AM,1197.6,1220,1461072.0,1187175945.9
09:18:13 AM,1197.4,50,59870.00000000001,1187235815.9
09:18:13 AM,1197.2,0,0.0,1187235815.9
09:18:14 AM,1197.2,1022,1223538.4000000001,1188459354.3000002
09:18:14 AM,1197.2,107,128100.40000000001,1188587454.7000003
09:18:14 AM,1197.6,0,0.0,1188587454.7000003
09:18:15 AM,1197.45,514,615489.3,1189202944.0000002
09:18:15 AM,1197.45,1097,1313602.6500000001,1190516546.6500003
09:18:16 AM,1197.45,109,130522.05,1190647068.7000003
09:18:16 AM,1197.4,0,0.0,1190647068.7000003
09:18:16 AM,1197.4,508,608279.2000000001,1191255347.9000003
09:18:16 AM,1197.55,0,0.0,1191255347.9000003
09:18:17 AM,1197.55,485,580811.75,1191836159.6500003
09:18:17 AM,1197.55,501,599972.5499999999,1192436132.2000003
09:18:17 AM,1197.4,0,0.0,1192436132.2000003
09:18:18 AM,1197.6,170,203591.99999999997,1192639724.2000003
09:18:18 AM,1197.4,0,0.0,1192639724.2000003
09:18:18 AM,1197.4,191,228703.40000000002,1192868427.6000004
09:18:19 AM,1197.6,210,251495.99999999997,1193119923.6000004
09:18:19 AM,1197.45,822,984303.9,1194104227.5000005
09:18:19 AM,1197.6,0,0.0,1194104227.5000005
09:18:20 AM,1197.6,902,1080235.2,1195184462.7000005
09:18:20 AM,1197.6,78,93412.79999999999,1195277875.5000005
09:18:20 AM,1197.55,0,0.0,1195277875.5000005
09:18:20 AM,1197.4,0,0.0,1195277875.5000005
09:18:21 AM,1197.4,1024,1226137.6,1196504013.1000004
09:18:21 AM,1198.0,60,71880.0,1196575893.1000004
09:18:21 AM,1197.75,0,0.0,1196575893.1000004
09:18:22 AM,1198.0,371,444458.0,1197020351.1000004
09:18:22 AM,1198.0,55,65890.0,1197086241.1000004
09:18:22 AM,1197.9,0,0.0,1197086241.1000004
09:18:23 AM,1198.0,146,174908.0,1197261149.1000004
09:18:23 AM,1198.0,64,76672.0,1197337821.1000004
09:18:24 AM,1197.7,312,373682.4,1197711503.5000005
09:18:25 AM,1197.05,2500,2992625.0,1200704128.5000005
09:18:25 AM,1197.65,4,4790.6,1200708919.1000004
09:18:26 AM,1197.85,12,14374.199999999999,1200723293.3000004
09:18:26 AM,1197.95,95,113805.25,1200837098.5500004
09:18:26 AM,1197.5,0,0.0,1200837098.5500004
09:18:26 AM,1197.9,0,0.0,1200837098.5500004
09:18:27 AM,1197.45,368,440661.60000000003,1201277760.1500003
09:18:27 AM,1197.95,90,107815.5,1201385575.6500003
09:18:28 AM,1197.95,8,9583.6,1201395159.2500002
09:18:28 AM,1198.0,300,359400.0,1201754559.2500002
09:18:29 AM,1197.7,143,171271.1,1201925830.3500001
09:18:29 AM,1198.0,454,543892.0,1202469722.3500001
09:18:30 AM,1198.0,51,61098.0,1202530820.3500001
09:18:30 AM,1197.7,1084,1298306.8,1203829127.15
09:18:30 AM,1197.85,0,0.0,1203829127.15
09:18:30 AM,1198.2,0,0.0,1203829127.15
09:18:31 AM,1198.6,4897,5869544.199999999,1209698671.3500001
09:18:31 AM,1198.35,199,238471.65,1209937143.0000002
09:18:31 AM,1198.8,0,0.0,1209937143.0000002
09:18:32 AM,1198.6,105,125852.99999999999,1210062996.0000002
09:18:32 AM,1198.8,698,836762.4,1210899758.4000003
09:18:33 AM,1198.7,202,242137.40000000002,1211141895.8000004
09:18:33 AM,1198.6,66,79107.59999999999,1211221003.4000003
09:18:33 AM,1198.95,0,0.0,1211221003.4000003
09:18:33 AM,1198.8,0,0.0,1211221003.4000003
09:18:34 AM,1198.7,339,406359.3,1211627362.7000003
09:18:34 AM,1198.95,111,133083.45,1211760446.1500003
09:18:34 AM,1199.0,0,0.0,1211760446.1500003
09:18:35 AM,1198.95,48,57549.600000000006,1211817995.7500002
09:18:35 AM,1199.0,72,86328.0,1211904323.7500002
09:18:35 AM,1198.9,0,0.0,1211904323.7500002
09:18:35 AM,1198.95,0,0.0,1211904323.7500002
09:18:36 AM,1198.75,1464,1754970.0,1213659293.7500002
09:18:36 AM,1198.9,0,0.0,1213659293.7500002
09:18:37 AM,1198.6,2603,3119955.8,1216779249.5500002
09:18:37 AM,1198.0,507,607386.0,1217386635.5500002
09:18:37 AM,1198.2,0,0.0,1217386635.5500002
09:18:37 AM,1198.65,0,0.0,1217386635.5500002
09:18:38 AM,1198.65,667,799499.55,1218186135.1000001
09:18:38 AM,1198.5,10,11985.0,1218198120.1000001
09:18:38 AM,1198.45,0,0.0,1218198120.1000001
09:18:39 AM,1198.15,615,736862.25,1218934982.3500001
09:18:39 AM,1198.65,31,37158.15,1218972140.5000002
09:18:40 AM,1198.2,9574,11471566.8,1230443707.3000002
09:18:40 AM,1198.95,1121,1344022.95,1231787730.2500002
09:18:40 AM,1198.55,0,0.0,1231787730.2500002
09:18:41 AM,1198.7,423,507050.10000000003,1232294780.3500001
09:18:41 AM,1198.8,357,427971.6,1232722751.95
09:18:41 AM,1198.55,0,0.0,1232722751.95
09:18:42 AM,1198.55,620,743101.0,1233465852.95
09:18:42 AM,1198.6,0,0.0,1233465852.95
09:18:42 AM,1198.8,0,0.0,1233465852.95
09:18:43 AM,1198.95,380,455601.0,1233921453.95
09:18:43 AM,1198.95,28,33570.6,1233955024.55
09:18:43 AM,1198.6,0,0.0,1233955024.55
09:18:44 AM,1198.6,460,551356.0,1234506380.55
09:18:44 AM,1199.0,60,71940.0,1234578320.55
09:18:44 AM,1198.9,0,0.0,1234578320.55
09:18:44 AM,1199.0,0,0.0,1234578320.55
09:18:45 AM,1198.55,1151,1379531.05,1235957851.6
09:18:45 AM,1199.05,901,1080344.05,1237038195.6499999
09:18:45 AM,1199.4,0,0.0,1237038195.6499999
09:18:45 AM,1199.2,0,0.0,1237038195.6499999
09:18:46 AM,1199.2,340,407728.0,1237445923.6499999
09:18:46 AM,1199.2,10,11992.0,1237457915.6499999
09:18:46 AM,1199.0,0,0.0,1237457915.6499999
09:18:46 AM,1199.15,0,0.0,1237457915.6499999
09:18:47 AM,1199.15,2907,3485929.0500000003,1240943844.6999998
09:18:47 AM,1199.0,205,245795.0,1241189639.6999998
09:18:47 AM,1199.15,0,0.0,1241189639.6999998
09:18:48 AM,1199.2,36,43171.200000000004,1241232810.8999999
09:18:48 AM,1199.35,30,35980.5,1241268791.3999999
09:18:48 AM,1198.95,0,0.0,1241268791.3999999
09:18:49 AM,1198.95,1353,1622179.35,1242890970.7499998
09:18:49 AM,1198.95,26,31172.7,1242922143.4499998
09:18:49 AM,1199.45,0,0.0,1242922143.4499998
09:18:49 AM,1199.25,0,0.0,1242922143.4499998
09:18:50 AM,1199.25,1412,1693341.0,1244615484.4499998
09:18:50 AM,1199.45,2860,3430427.0,1248045911.4499998
09:18:50 AM,1199.8,0,0.0,1248045911.4499998
09:18:50 AM,1199.55,0,0.0,1248045911.4499998
09:18:51 AM,1199.55,247,296288.85,1248342200.2999997
09:18:51 AM,1199.25,2026,2429680.5,1250771880.7999997
09:18:51 AM,1199.4,0,0.0,1250771880.7999997
09:18:51 AM,1199.35,0,0.0,1250771880.7999997
09:18:52 AM,1199.35,83,99546.04999999999,1250871426.8499997
09:18:52 AM,1199.4,122,146326.80000000002,1251017753.6499996
09:18:52 AM,1199.35,0,0.0,1251017753.6499996
09:18:53 AM,1199.35,148,177503.8,1251195257.4499996
09:18:53 AM,1199.4,20,23988.0,1251219245.4499996
09:18:53 AM,1199.35,0,0.0,1251219245.4499996
09:18:54 AM,1199.35,21,25186.35,1251244431.7999995
09:18:54 AM,1199.4,45,53973.00000000001,1251298404.7999995
09:18:54 AM,1199.45,0,0.0,1251298404.7999995
09:18:55 AM,1199.8,631,757073.7999999999,1252055478.5999994
09:18:55 AM,1199.85,50,59992.49999999999,1252115471.0999994
09:18:55 AM,1199.6,0,0.0,1252115471.0999994
09:18:56 AM,1199.85,0,0.0,1252115471.0999994
09:18:56 AM,1199.85,240,287964.0,1252403435.0999994
09:18:56 AM,1199.35,0,0.0,1252403435.0999994
09:18:57 AM,1199.35,2288,2744112.8,1255147547.8999994
09:18:57 AM,1199.35,422,506125.69999999995,1255653673.5999994
09:18:58 AM,1199.25,0,0.0,1255653673.5999994
09:18:58 AM,1199.3,307,368185.1,1256021858.6999993
09:18:58 AM,1199.35,39,46774.649999999994,1256068633.3499994
09:18:58 AM,1199.35,101,121134.34999999999,1256189767.6999993
09:18:58 AM,1199.25,0,0.0,1256189767.6999993
09:18:58 AM,1199.35,0,0.0,1256189767.6999993
09:18:59 AM,1199.35,310,371798.5,1256561566.1999993
09:18:59 AM,1199.35,124,148719.4,1256710285.5999994
09:19:00 AM,1199.1,3221,3862301.0999999996,1260572586.6999993
09:19:00 AM,1199.3,150,179895.0,1260752481.6999993
09:19:00 AM,1199.35,0,0.0,1260752481.6999993
09:19:01 AM,1199.3,1155,1385191.5,1262137673.1999993
09:19:01 AM,1199.3,50,59965.0,1262197638.1999993
09:19:01 AM,1199.25,0,0.0,1262197638.1999993
09:19:02 AM,1199.3,0,0.0,1262197638.1999993
09:19:02 AM,1199.4,2647,3174811.8000000003,1265372449.9999993
09:19:02 AM,1199.4,375,449775.00000000006,1265822224.9999993
09:19:03 AM,1199.65,0,0.0,1265822224.9999993
09:19:03 AM,1199.5,1666,1998367.0,1267820591.9999993
09:19:03 AM,1199.5,17,20391.5,1267840983.4999993
09:19:04 AM,1199.7,411,493076.7,1268334060.1999993
09:19:04 AM,1199.5,0,0.0,1268334060.1999993
09:19:04 AM,1199.75,642,770239.5,1269104299.6999993
09:19:05 AM,1199.35,1118,1340873.2999999998,1270445172.9999993
09:19:05 AM,1199.8,258,309548.39999999997,1270754721.3999994
09:19:06 AM,1199.25,2365,2836226.25,1273590947.6499994
09:19:06 AM,1199.25,1,1199.25,1273592146.8999994
09:19:07 AM,1199.1,978,1172719.7999999998,1274764866.6999993
09:19:07 AM,1199.1,318,381313.8,1275146180.4999993
09:19:08 AM,1199.2,42,50366.4,1275196546.8999994
09:19:08 AM,1199.0,0,0.0,1275196546.8999994
09:19:08 AM,1199.05,1791,2147498.55,1277344045.4499993
09:19:09 AM,1199.05,5,5995.25,1277350040.6999993
09:19:09 AM,1199.05,10,11990.5,1277362031.1999993
09:19:10 AM,1199.0,5557,6662843.0,1284024874.1999993
09:19:10 AM,1199.25,0,0.0,1284024874.1999993
09:19:10 AM,1199.25,11,13191.75,1284038065.9499993
09:19:11 AM,1199.35,12,14392.199999999999,1284052458.1499994
09:19:11 AM,1199.1,0,0.0,1284052458.1499994
09:19:12 AM,1198.55,0,0.0,1284052458.1499994
09:19:12 AM,1199.0,5667,6794733.0,1290847191.1499994
09:19:12 AM,1199.0,53,63547.0,1290910738.1499994
09:19:12 AM,1198.9,0,0.0,1290910738.1499994
09:19:13 AM,1198.9,354,424410.60000000003,1291335148.7499993
09:19:13 AM,1199.0,5,5995.0,1291341143.7499993
09:19:14 AM,1198.8,901,1080118.8,1292421262.5499992
09:19:15 AM,1199.0,1,1199.0,1292422461.5499992
09:19:15 AM,1198.8,0,0.0,1292422461.5499992
09:19:16 AM,1198.8,221,264934.8,1292687396.3499992
09:19:16 AM,1199.05,56,67146.8,1292754543.1499991
09:19:16 AM,1199.1,0,0.0,1292754543.1499991
09:19:17 AM,1199.1,888,1064800.7999999998,1293819343.949999
09:19:17 AM,1199.1,143,171471.3,1293990815.249999
09:19:17 AM,1199.25,0,0.0,1293990815.249999
09:19:18 AM,1199.25,75,89943.75,1294080758.999999
09:19:18 AM,1199.35,201,241069.34999999998,1294321828.349999
09:19:18 AM,1199.3,0,0.0,1294321828.349999
09:19:19 AM,1199.05,0,0.0,1294321828.349999
09:19:19 AM,1199.05,631,756600.5499999999,1295078428.899999
09:19:19 AM,1199.35,1,1199.35,1295079628.2499988
09:19:19 AM,1199.05,0,0.0,1295079628.2499988
09:19:20 AM,1199.2,1537,1843170.4000000001,1296922798.649999
09:19:20 AM,1199.1,181,217037.09999999998,1297139835.7499988
09:19:20 AM,1198.8,0,0.0,1297139835.7499988
09:19:21 AM,1198.8,1209,1449349.2,1298589184.9499989
09:19:21 AM,1199.15,926,1110412.9000000001,1299699597.849999
09:19:22 AM,1199.3,0,0.0,1299699597.849999
09:19:22 AM,1199.3,1054,1264062.2,1300963660.049999
09:19:22 AM,1199.15,5,5995.75,1300969655.799999
09:19:22 AM,1198.95,0,0.0,1300969655.799999
09:19:23 AM,1198.95,1580,1894341.0,1302863996.799999
09:19:23 AM,1199.1,20,23982.0,1302887978.799999
09:19:23 AM,1199.15,0,0.0,1302887978.799999
09:19:24 AM,1199.15,385,461672.75000000006,1303349651.549999
09:19:24 AM,1199.1,100,119909.99999999999,1303469561.549999
09:19:24 AM,1199.15,0,0.0,1303469561.549999
09:19:25 AM,1198.85,0,0.0,1303469561.549999
09:19:25 AM,1199.15,210,251821.50000000003,1303721383.049999
09:19:25 AM,1199.0,583,699017.0,1304420400.049999
09:19:25 AM,1198.85,0,0.0,1304420400.049999
09:19:26 AM,1198.95,0,0.0,1304420400.049999
09:19:26 AM,1198.95,110,131884.5,1304552284.549999
09:19:26 AM,1198.85,0,0.0,1304552284.549999
09:19:27 AM,1199.0,0,0.0,1304552284.549999
09:19:27 AM,1198.9,521,624626.9,1305176911.449999
09:19:27 AM,1199.0,46,55154.0,1305232065.449999
09:19:28 AM,1198.6,11540,13831843.999999998,1319063909.449999
09:19:28 AM,1198.95,1236,1481902.2,1320545811.6499991
09:19:28 AM,1199.05,0,0.0,1320545811.6499991
09:19:29 AM,1199.0,1089,1305711.0,1321851522.6499991
09:19:29 AM,1199.05,107,128298.34999999999,1321979820.999999
09:19:29 AM,1198.95,0,0.0,1321979820.999999
09:19:30 AM,1198.95,1051,1260096.45,1323239917.449999
09:19:30 AM,1199.15,0,0.0,1323239917.449999
09:19:31 AM,1199.25,173,207470.25,1323447387.699999
09:19:31 AM,1199.3,3,3597.8999999999996,1323450985.5999992
09:19:32 AM,1199.25,0,0.0,1323450985.5999992
09:19:32 AM,1199.25,69,82748.25,1323533733.8499992
09:19:32 AM,1199.35,0,0.0,1323533733.8499992
09:19:33 AM,1199.15,253,303384.95,1323837118.7999992
09:19:33 AM,1199.0,0,0.0,1323837118.7999992
09:19:34 AM,1198.95,989,1185761.55,1325022880.3499992
09:19:35 AM,1199.25,0,0.0,1325022880.3499992
09:19:35 AM,1199.2,28,33577.6,1325056457.949999
09:19:35 AM,1198.95,0,0.0,1325056457.949999
09:19:36 AM,1198.8,0,0.0,1325056457.949999
09:19:36 AM,1198.85,2274,2726184.9,1327782642.8499992
09:19:37 AM,1198.8,0,0.0,1327782642.8499992
09:19:37 AM,1198.85,582,697730.7,1328480373.5499992
09:19:37 AM,1198.75,153,183408.75,1328663782.2999992
09:19:37 AM,1198.55,0,0.0,1328663782.2999992
09:19:38 AM,1198.85,0,0.0,1328663782.2999992
09:19:38 AM,1198.85,1093,1310343.0499999998,1329974125.3499992
09:19:38 AM,1198.55,0,0.0,1329974125.3499992
09:19:39 AM,1198.9,509,610240.1000000001,1330584365.449999
09:19:39 AM,1198.55,0,0.0,1330584365.449999
09:19:40 AM,1198.95,1877,2250429.15,1332834794.5999992
09:19:40 AM,1198.4,0,0.0,1332834794.5999992
09:19:41 AM,1198.4,613,734619.2000000001,1333569413.7999992
09:19:41 AM,1198.4,50,59920.00000000001,1333629333.7999992
09:19:41 AM,1198.65,0,0.0,1333629333.7999992
09:19:42 AM,1198.65,1417,1698487.05,1335327820.8499992
09:19:42 AM,1198.85,50,59942.49999999999,1335387763.3499992
09:19:42 AM,1198.9,0,0.0,1335387763.3499992
09:19:43 AM,1198.65,661,792307.65,1336180070.9999993
09:19:44 AM,1198.6,0,0.0,1336180070.9999993
09:19:44 AM,1198.65,262,314046.30000000005,1336494117.2999992
09:19:44 AM,1198.7,0,0.0,1336494117.2999992
09:19:45 AM,1198.65,0,0.0,1336494117.2999992
09:19:45 AM,1198.05,1209,1448442.45,1337942559.7499993
09:19:46 AM,1198.05,1983,2375733.15,1340318292.8999994
09:19:46 AM,1198.5,200,239700.0,1340557992.8999994
09:19:46 AM,1198.65,0,0.0,1340557992.8999994
09:19:47 AM,1198.55,640,767072.0,1341325064.8999994
09:19:47 AM,1198.9,0,0.0,1341325064.8999994
09:19:48 AM,1199.0,2059,2468741.0,1343793805.8999994
09:19:49 AM,1199.0,365,437635.0,1344231440.8999994
09:19:49 AM,1198.75,0,0.0,1344231440.8999994
09:19:50 AM,1199.0,237,284163.0,1344515603.8999994
09:19:50 AM,1199.0,51,61149.0,1344576752.8999994
09:19:50 AM,1199.3,0,0.0,1344576752.8999994
09:19:51 AM,1199.7,5714,6855085.8,1351431838.6999993
09:19:51 AM,1199.35,27,32382.449999999997,1351464221.1499994
09:19:51 AM,1198.65,0,0.0,1351464221.1499994
09:19:52 AM,1199.2,0,0.0,1351464221.1499994
09:19:52 AM,1199.0,6041,7243159.0,1358707380.1499994
09:19:52 AM,1198.95,0,0.0,1358707380.1499994
09:19:53 AM,1199.15,900,1079235.0,1359786615.1499994
09:19:53 AM,1199.15,100,119915.00000000001,1359906530.1499994
09:19:54 AM,1198.95,0,0.0,1359906530.1499994
09:19:54 AM,1198.95,1050,1258897.5,1361165427.6499994
09:19:55 AM,1198.75,1434,1719007.5,1362884435.1499994
09:19:55 AM,1198.75,153,183408.75,1363067843.8999994
09:19:56 AM,1199.05,0,0.0,1363067843.8999994
09:19:56 AM,1198.9,65,77928.5,1363145772.3999994
09:19:56 AM,1198.9,50,59945.00000000001,1363205717.3999994
09:19:57 AM,1199.3,20,23986.0,1363229703.3999994
09:19:57 AM,1199.25,294,352579.5,1363582282.8999994
09:19:57 AM,1198.9,0,0.0,1363582282.8999994
09:19:58 AM,1198.85,592,709719.2,1364292002.0999994
09:19:58 AM,1198.65,0,0.0,1364292002.0999994
09:19:59 AM,1198.75,214,256532.5,1364548534.5999994
09:19:59 AM,1199.3,24861,29815797.299999997,1394364331.8999994
09:20:00 AM,1199.15,0,0.0,1394364331.8999994
09:20:00 AM,1199.35,8197,9831071.95,1404195403.8499994
09:20:00 AM,1199.05,216,258994.8,1404454398.6499994
09:20:00 AM,1199.2,0,0.0,1404454398.6499994
09:20:01 AM,1199.3,0,0.0,1404454398.6499994
09:20:01 AM,1199.05,3981,4773418.05,1409227816.6999993
09:20:01 AM,1199.2,400,479680.0,1409707496.6999993
09:20:01 AM,1199.3,0,0.0,1409707496.6999993
09:20:02 AM,1199.65,0,0.0,1409707496.6999993
09:20:02 AM,1199.3,2082,2496942.6,1412204439.2999992
09:20:02 AM,1199.55,1163,1395076.65,1413599515.9499993
09:20:02 AM,1199.65,0,0.0,1413599515.9499993
09:20:03 AM,1199.55,0,0.0,1413599515.9499993
09:20:03 AM,1199.05,1435,1720636.75,1415320152.6999993
09:20:03 AM,1199.15,292,350151.80000000005,1415670304.4999993
09:20:03 AM,1199.0,0,0.0,1415670304.4999993
09:20:04 AM,1199.15,0,0.0,1415670304.4999993
09:20:04 AM,1199.15,1829,2193245.35,1417863549.8499992
09:20:05 AM,1199.3,47,56367.1,1417919916.949999
09:20:05 AM,1199.55,300,359865.0,1418279781.949999
09:20:06 AM,1199.45,731,876797.9500000001,1419156579.8999991
09:20:07 AM,1199.2,0,0.0,1419156579.8999991
09:20:07 AM,1199.3,870,1043391.0,1420199970.8999991
09:20:08 AM,1199.35,141,169108.34999999998,1420369079.249999
09:20:08 AM,1199.65,0,0.0,1420369079.249999
09:20:09 AM,1199.5,2851,3419774.5,1423788853.749999
09:20:09 AM,1199.8,0,0.0,1423788853.749999
09:20:10 AM,1199.3,2222,2664844.6,1426453698.349999
09:20:10 AM,1199.65,0,0.0,1426453698.349999
09:20:11 AM,1199.85,0,0.0,1426453698.349999
09:20:11 AM,1199.8,1155,1385769.0,1427839467.349999
09:20:11 AM,1199.85,0,0.0,1427839467.349999
09:20:12 AM,1199.85,1343,1611398.5499999998,1429450865.899999
09:20:12 AM,1199.85,136,163179.59999999998,1429614045.4999988
09:20:13 AM,1199.85,710,851893.4999999999,1430465938.9999988
09:20:13 AM,1199.9,5,5999.5,1430471938.4999988
09:20:13 AM,1199.7,0,0.0,1430471938.4999988
09:20:14 AM,1199.7,4061,4871981.7,1435343920.1999989
09:20:14 AM,1199.7,772,926168.4,1436270088.599999
09:20:14 AM,1199.85,0,0.0,1436270088.599999
09:20:15 AM,1199.85,3620,4343457.0,1440613545.599999
09:20:15 AM,1199.65,875,1049693.75,1441663239.349999
09:20:15 AM,1200.4,0,0.0,1441663239.349999
09:20:16 AM,1200.5,0,0.0,1441663239.349999
09:20:16 AM,1200.5,24938,29938069.0,1471601308.349999
09:20:16 AM,1200.1,789,946878.8999999999,1472548187.249999
09:20:16 AM,1200.5,0,0.0,1472548187.249999
09:20:17 AM,1200.4,0,0.0,1472548187.249999
09:20:17 AM,1200.4,10345,12418138.000000002,1484966325.249999
09:20:17 AM,1200.5,2672,3207736.0,1488174061.249999
09:20:17 AM,1199.95,0,0.0,1488174061.249999
09:20:18 AM,1200.25,0,0.0,1488174061.249999
09:20:18 AM,1200.25,6896,8276924.0,1496450985.249999
09:20:18 AM,1200.75,247,296585.25,1496747570.499999
09:20:18 AM,1200.4,0,0.0,1496747570.499999
09:20:19 AM,1200.95,0,0.0,1496747570.499999
09:20:19 AM,1201.0,782,939182.0,1497686752.499999
09:20:19 AM,1200.9,4134,4964520.600000001,1502651273.099999
09:20:19 AM,1201.3,0,0.0,1502651273.099999
09:20:20 AM,1201.45,0,0.0,1502651273.099999
09:20:20 AM,1201.2,5406,6493687.2,1509144960.299999
09:20:20 AM,1201.05,396,475615.8,1509620576.099999
09:20:21 AM,1200.7,6015,7222210.5,1516842786.599999
09:20:21 AM,1201.05,0,0.0,1516842786.599999
09:20:22 AM,1201.1,0,0.0,1516842786.599999
09:20:22 AM,1200.6,1521,1826112.5999999999,1518668899.1999989
09:20:22 AM,1200.7,499,599149.3,1519268048.4999988
09:20:22 AM,1200.85,0,0.0,1519268048.4999988
09:20:23 AM,1201.0,2406,2889606.0,1522157654.4999988
09:20:23 AM,1200.8,643,772114.4,1522929768.899999
09:20:23 AM,1200.7,0,0.0,1522929768.899999
09:20:24 AM,1201.0,0,0.0,1522929768.899999
09:20:24 AM,1201.0,838,1006438.0,1523936206.899999
09:20:24 AM,1201.0,198,237798.0,1524174004.899999
09:20:25 AM,1200.85,0,0.0,1524174004.899999
09:20:25 AM,1200.65,1108,1330320.2000000002,1525504325.099999
09:20:25 AM,1200.55,1631,1958097.0499999998,1527462422.149999
09:20:25 AM,1199.8,0,0.0,1527462422.149999
09:20:26 AM,1200.05,0,0.0,1527462422.149999
09:20:26 AM,1200.55,4530,5438491.5,1532900913.649999
09:20:26 AM,1200.3,150,180045.0,1533080958.649999
09:20:26 AM,1199.5,0,0.0,1533080958.649999
09:20:27 AM,1200.3,0,0.0,1533080958.649999
09:20:27 AM,1200.1,4125,4950412.5,1538031371.149999
09:20:27 AM,1200.2,1210,1452242.0,1539483613.149999
09:20:27 AM,1200.35,0,0.0,1539483613.149999
09:20:28 AM,1200.3,958,1149887.4,1540633500.549999
09:20:28 AM,1199.55,0,0.0,1540633500.549999
09:20:29 AM,1200.1,0,0.0,1540633500.549999
09:20:29 AM,1200.15,3389,4067308.35,1544700808.899999
09:20:29 AM,1199.8,318,381536.39999999997,1545082345.299999
09:20:29 AM,1200.1,0,0.0,1545082345.299999
09:20:30 AM,1199.9,750,899925.0000000001,1545982270.299999
09:20:30 AM,1199.9,90,107991.00000000001,1546090261.299999
09:20:30 AM,1200.45,0,0.0,1546090261.299999
09:20:31 AM,1200.1,1010,1212101.0,1547302362.299999
09:20:31 AM,1200.35,0,0.0,1547302362.299999
09:20:32 AM,1200.65,0,0.0,1547302362.299999
09:20:32 AM,1200.3,229,274868.7,1547577230.999999
09:20:32 AM,1200.3,53,63615.899999999994,1547640846.8999991
09:20:32 AM,1200.5,0,0.0,1547640846.8999991
09:20:33 AM,1200.4,4771,5727108.4,1553367955.2999992
09:20:33 AM,1200.65,122,146479.30000000002,1553514434.5999992
09:20:34 AM,1200.75,1319,1583789.25,1555098223.8499992
09:20:34 AM,1200.95,834,1001592.3,1556099816.1499991
09:20:34 AM,1200.7,0,0.0,1556099816.1499991
09:20:35 AM,1201.0,1551,1862751.0,1557962567.1499991
09:20:35 AM,1201.0,13,15613.0,1557978180.1499991
09:20:36 AM,1201.0,327,392727.0,1558370907.1499991
09:20:36 AM,1200.85,0,0.0,1558370907.1499991
09:20:37 AM,1200.95,1167,1401508.6500000001,1559772415.7999992
09:20:37 AM,1201.0,3,3603.0,1559776018.7999992
09:20:37 AM,1200.75,0,0.0,1559776018.7999992
09:20:38 AM,1200.65,4571,5488171.15,1565264189.9499993
09:20:38 AM,1200.9,310,372279.0,1565636468.9499993
09:20:38 AM,1200.8,0,0.0,1565636468.9499993
09:20:39 AM,1200.9,0,0.0,1565636468.9499993
09:20:39 AM,1200.9,876,1051988.4000000001,1566688457.3499994
09:20:39 AM,1200.4,1717,2061086.8,1568749544.1499994
09:20:39 AM,1200.9,0,0.0,1568749544.1499994
09:20:40 AM,1201.0,0,0.0,1568749544.1499994
09:20:40 AM,1201.2,1000,1201200.0,1569950744.1499994
09:20:40 AM,1200.95,67,80463.65000000001,1570031207.7999995
09:20:40 AM,1201.0,0,0.0,1570031207.7999995
09:20:41 AM,1201.05,126,151332.3,1570182540.0999994
09:20:41 AM,1200.95,641,769808.9500000001,1570952349.0499995
09:20:41 AM,1201.0,0,0.0,1570952349.0499995
09:20:42 AM,1201.0,180,216180.0,1571168529.0499995
09:20:42 AM,1201.05,42,50444.1,1571218973.1499994
09:20:42 AM,1201.0,0,0.0,1571218973.1499994
09:20:43 AM,1200.8,824,989459.2,1572208432.3499994
09:20:43 AM,1200.75,608,730056.0,1572938488.3499994
09:20:43 AM,1200.4,0,0.0,1572938488.3499994
09:20:44 AM,1200.35,0,0.0,1572938488.3499994
09:20:44 AM,1200.8,1231,1478184.8,1574416673.1499994
09:20:44 AM,1200.8,1,1200.8,1574417873.9499993
09:20:44 AM,1200.5,0,0.0,1574417873.9499993
09:20:45 AM,1200.5,1128,1354164.0,1575772037.9499993
09:20:45 AM,1200.55,260,312143.0,1576084180.9499993
09:20:45 AM,1200.8,0,0.0,1576084180.9499993
09:20:46 AM,1200.8,117,140493.6,1576224674.5499992
09:20:46 AM,1200.8,77,92461.59999999999,1576317136.1499991
09:20:46 AM,1200.65,380,456247.00000000006,1576773383.1499991
09:20:46 AM,1200.8,0,0.0,1576773383.1499991
09:20:47 AM,1200.65,0,0.0,1576773383.1499991
09:20:47 AM,1200.4,1473,1768189.2000000002,1578541572.3499992
09:20:47 AM,1200.4,10,12004.0,1578553576.3499992
09:20:47 AM,1200.85,0,0.0,1578553576.3499992
09:20:48 AM,1200.5,3291,3950845.5,1582504421.8499992
09:20:48 AM,1200.05,0,0.0,1582504421.8499992
09:20:49 AM,1200.2,3140,3768628.0,1586273049.8499992
09:20:49 AM,1200.65,246,295359.9,1586568409.7499993
09:20:49 AM,1200.35,0,0.0,1586568409.7499993
09:20:50 AM,1200.8,0,0.0,1586568409.7499993
09:20:50 AM,1200.7,1230,1476861.0,1588045270.7499993
09:20:50 AM,1200.7,201,241340.7,1588286611.4499993
09:20:50 AM,1200.55,0,0.0,1588286611.4499993
09:20:51 AM,1200.9,1383,1660844.7000000002,1589947456.1499994
09:20:51 AM,1200.35,684,821039.3999999999,1590768495.5499995
09:20:51 AM,1200.4,0,0.0,1590768495.5499995
09:20:52 AM,1200.35,0,0.0,1590768495.5499995
09:20:52 AM,1200.6,692,830815.2,1591599310.7499995
09:20:52 AM,1200.6,75,90045.0,1591689355.7499995
09:20:52 AM,1200.8,0,0.0,1591689355.7499995
09:20:53 AM,1200.9,0,0.0,1591689355.7499995
09:20:53 AM,1200.55,1622,1947292.0999999999,1593636647.8499994
09:20:54 AM,1200.55,188,225703.4,1593862351.2499995
09:20:54 AM,1200.25,0,0.0,1593862351.2499995
09:20:55 AM,1200.25,1083,1299870.75,1595162221.9999995
09:20:55 AM,1200.15,4655,5586698.25,1600748920.2499995
09:20:56 AM,1200.25,493,591723.25,1601340643.4999995
09:20:56 AM,1200.25,138,165634.5,1601506277.9999995
09:20:57 AM,1200.05,0,0.0,1601506277.9999995
09:20:57 AM,1200.05,1511,1813275.55,1603319553.5499995
09:20:57 AM,1200.5,45,54022.5,1603373576.0499995
09:20:58 AM,1200.4,0,0.0,1603373576.0499995
09:20:58 AM,1200.45,526,631436.7000000001,1604005012.7499995
09:20:58 AM,1200.4,129,154851.6,1604159864.3499994
09:20:59 AM,1200.25,294,352873.5,1604512737.8499994
09:20:59 AM,1200.25,218,261654.5,1604774392.3499994
09:21:00 AM,1200.25,700,840175.0,1605614567.3499994
09:21:00 AM,1200.2,16,19203.2,1605633770.5499995
09:21:00 AM,1200.25,0,0.0,1605633770.5499995
09:21:01 AM,1200.55,267,320546.85,1605954317.3999994
09:21:01 AM,1200.0,823,987600.0,1606941917.3999994
09:21:02 AM,1200.2,399,478879.80000000005,1607420797.1999993
09:21:02 AM,1200.0,1225,1470000.0,1608890797.1999993
09:21:03 AM,1200.05,0,0.0,1608890797.1999993
09:21:03 AM,1200.3,1037,1244711.0999999999,1610135508.2999992
09:21:03 AM,1200.0,224,268800.0,1610404308.2999992
09:21:03 AM,1199.95,0,0.0,1610404308.2999992
09:21:04 AM,1199.95,1180,1415941.0,1611820249.2999992
09:21:04 AM,1199.75,149,178762.75,1611999012.0499992
09:21:05 AM,1200.25,0,0.0,1611999012.0499992
09:21:05 AM,1200.0,562,674400.0,1612673412.0499992
09:21:05 AM,1199.95,116,139194.2,1612812606.2499993
09:21:06 AM,1199.6,0,0.0,1612812606.2499993
09:21:06 AM,1199.6,562,674175.2,1613486781.4499993
09:21:06 AM,1199.65,338,405481.7,1613892263.1499994
09:21:06 AM,1199.6,0,0.0,1613892263.1499994
09:21:07 AM,1199.85,70,83989.5,1613976252.6499994
09:21:07 AM,1199.55,93,111558.15,1614087810.7999995
09:21:08 AM,1199.25,58,69556.5,1614157367.2999995
09:21:08 AM,1199.3,84,100741.2,1614258108.4999995
09:21:09 AM,1199.35,653,783175.5499999999,1615041284.0499995
09:21:09 AM,1199.45,82,98354.90000000001,1615139638.9499996
09:21:09 AM,1199.3,0,0.0,1615139638.9499996
09:21:10 AM,1199.25,0,0.0,1615139638.9499996
09:21:10 AM,1199.2,2796,3352963.2,1618492602.1499996
09:21:10 AM,1199.15,466,558803.9,1619051406.0499997
09:21:11 AM,1198.55,0,0.0,1619051406.0499997
09:21:11 AM,1198.55,3634,4355530.7,1623406936.7499998
09:21:12 AM,1198.2,0,0.0,1623406936.7499998
09:21:12 AM,1198.15,2755,3300903.2500000005,1626707839.9999998
09:21:12 AM,1198.3,0,0.0,1626707839.9999998
09:21:12 AM,1198.3,2970,3558951.0,1630266790.9999998
09:21:13 AM,1198.45,693,830525.85,1631097316.8499997
09:21:13 AM,1197.65,0,0.0,1631097316.8499997
09:21:13 AM,1197.65,1606,1923425.9000000001,1633020742.7499998
09:21:14 AM,1198.25,0,0.0,1633020742.7499998
09:21:14 AM,1198.25,503,602719.75,1633623462.4999998
09:21:14 AM,1197.4,0,0.0,1633623462.4999998
09:21:14 AM,1197.4,3378,4044817.2,1637668279.6999998
09:21:15 AM,1197.75,0,0.0,1637668279.6999998
09:21:15 AM,1197.5,11,13172.5,1637681452.1999998
09:21:15 AM,1198.0,0,0.0,1637681452.1999998
09:21:15 AM,1198.0,1924,2304952.0,1639986404.1999998
09:21:16 AM,1196.85,0,0.0,1639986404.1999998
09:21:16 AM,1196.6,3246,3884163.5999999996,1643870567.7999997
09:21:17 AM,1196.65,111,132828.15000000002,1644003395.9499998
09:21:17 AM,1196.85,0,0.0,1644003395.9499998
09:21:17 AM,1196.85,924,1105889.4,1645109285.35
09:21:18 AM,1196.6,0,0.0,1645109285.35
09:21:18 AM,1196.95,83,99346.85,1645208632.1999998
09:21:18 AM,1196.2,0,0.0,1645208632.1999998
09:21:19 AM,1196.6,1228,1469424.7999999998,1646678056.9999998
09:21:19 AM,1196.15,251,300233.65,1646978290.6499999
09:21:19 AM,1196.65,0,0.0,1646978290.6499999
09:21:20 AM,1196.8,0,0.0,1646978290.6499999
09:21:20 AM,1196.8,6684,7999411.199999999,1654977701.85
09:21:20 AM,1196.5,5,5982.5,1654983684.35
09:21:20 AM,1196.65,0,0.0,1654983684.35
09:21:21 AM,1196.5,0,0.0,1654983684.35
09:21:21 AM,1196.5,823,984719.5,1655968403.85
09:21:21 AM,1196.5,5,5982.5,1655974386.35
09:21:22 AM,1196.65,712,852014.8,1656826401.1499999
09:21:22 AM,1196.55,0,0.0,1656826401.1499999
09:21:23 AM,1196.5,0,0.0,1656826401.1499999
09:21:23 AM,1196.05,2571,3075044.55,1659901445.6999998
09:21:23 AM,1196.4,0,0.0,1659901445.6999998
09:21:24 AM,1196.55,0,0.0,1659901445.6999998
09:21:24 AM,1196.2,912,1090934.4000000001,1660992380.1
09:21:24 AM,1196.45,0,0.0,1660992380.1
09:21:25 AM,1196.65,0,0.0,1660992380.1
09:21:25 AM,1196.65,765,915437.2500000001,1661907817.35
09:21:26 AM,1196.8,0,0.0,1661907817.35
09:21:26 AM,1195.85,0,0.0,1661907817.35
09:21:26 AM,1195.85,4319,5164876.149999999,1667072693.5
09:21:27 AM,1195.05,0,0.0,1667072693.5
09:21:27 AM,1195.05,4137,4943921.85,1672016615.35
09:21:28 AM,1195.0,0,0.0,1672016615.35
09:21:28 AM,1195.0,938,1120910.0,1673137525.35
09:21:28 AM,1195.0,50,59750.0,1673197275.35
09:21:29 AM,1195.25,0,0.0,1673197275.35
09:21:29 AM,1196.0,0,0.0,1673197275.35
09:21:29 AM,1196.0,1645,1967420.0,1675164695.35
09:21:30 AM,1195.85,0,0.0,1675164695.35
09:21:31 AM,1195.6,814,973218.3999999999,1676137913.75
09:21:31 AM,1195.6,114,136298.4,1676274212.15
09:21:31 AM,1195.4,0,0.0,1676274212.15
09:21:32 AM,1195.55,0,0.0,1676274212.15
09:21:32 AM,1195.55,217,259434.34999999998,1676533646.5
09:21:32 AM,1195.65,101,120760.65000000001,1676654407.15
09:21:32 AM,1195.6,0,0.0,1676654407.15
09:21:33 AM,1195.4,0,0.0,1676654407.15
09:21:33 AM,1195.65,359,429238.35000000003,1677083645.5
09:21:33 AM,1195.6,566,676709.6,1677760355.1
09:21:34 AM,1195.65,0,0.0,1677760355.1
09:21:34 AM,1195.6,273,326398.8,1678086753.8999999
09:21:34 AM,1195.55,506,604948.2999999999,1678691702.1999998
09:21:34 AM,1195.5,0,0.0,1678691702.1999998
09:21:35 AM,1195.4,293,350252.2,1679041954.3999999
09:21:35 AM,1195.55,158,188896.9,1679230851.3
09:21:36 AM,1195.5,135,161392.5,1679392243.8
09:21:36 AM,1195.1,735,878398.4999999999,1680270642.3
09:21:36 AM,1195.4,0,0.0,1680270642.3
09:21:37 AM,1195.4,1,1195.4,1680271837.7
09:21:37 AM,1195.35,195,233093.24999999997,1680504930.95
09:21:37 AM,1195.25,0,0.0,1680504930.95
09:21:38 AM,1195.45,109,130304.05,1680635235.0
09:21:38 AM,1195.45,775,926473.75,1681561708.75
09:21:38 AM,1195.15,0,0.0,1681561708.75
09:21:39 AM,1195.15,31,37049.65,1681598758.4
09:21:39 AM,1195.6,2146,2565757.5999999996,1684164516.0
09:21:39 AM,1195.85,0,0.0,1684164516.0
09:21:40 AM,1195.85,691,826332.35,1684990848.35
09:21:40 AM,1195.6,67,80105.2,1685070953.55
09:21:40 AM,1195.75,0,0.0,1685070953.55
09:21:41 AM,1195.85,0,0.0,1685070953.55
09:21:41 AM,1195.85,126,150677.09999999998,1685221630.6499999
09:21:41 AM,1195.8,251,300145.8,1685521776.4499998
09:21:42 AM,1195.25,0,0.0,1685521776.4499998
09:21:42 AM,1196.0,5897,7052812.0,1692574588.4499998
09:21:42 AM,1196.0,260,310960.0,1692885548.4499998
09:21:42 AM,1196.35,0,0.0,1692885548.4499998
09:21:43 AM,1196.35,2090,2500371.5,1695385919.9499998
09:21:43 AM,1196.2,2,2392.4,1695388312.35
09:21:43 AM,1196.35,0,0.0,1695388312.35
09:21:44 AM,1196.5,192,229728.0,1695618040.35
09:21:44 AM,1196.5,13,15554.5,1695633594.85
09:21:44 AM,1196.6,0,0.0,1695633594.85
09:21:45 AM,1196.5,109,130418.5,1695764013.35
09:21:45 AM,1196.6,81,96924.59999999999,1695860937.9499998
09:21:46 AM,1196.6,517,618642.2,1696479580.1499999
09:21:46 AM,1196.6,142,169917.19999999998,1696649497.35
09:21:46 AM,1196.55,0,0.0,1696649497.35
09:21:47 AM,1196.4,798,954727.2000000001,1697604224.55
09:21:47 AM,1196.85,0,0.0,1697604224.55
09:21:48 AM,1196.9,286,342313.4,1697946537.95
09:21:48 AM,1196.9,62,74207.8,1698020745.75
09:21:48 AM,1196.9,6,7181.400000000001,1698027927.15
09:21:49 AM,1196.8,2275,2722720.0,1700750647.15
09:21:50 AM,1196.8,86,102924.8,1700853571.95
09:21:50 AM,1196.65,1433,1714799.4500000002,1702568371.4
09:21:50 AM,1196.95,0,0.0,1702568371.4
09:21:51 AM,1196.95,1804,2159297.8000000003,1704727669.2
09:21:51 AM,1197.0,32,38304.0,1704765973.2
09:21:52 AM,1196.95,207,247768.65000000002,1705013741.8500001
09:21:52 AM,1197.1,111,132878.09999999998,1705146619.95
09:21:52 AM,1197.35,0,0.0,1705146619.95
09:21:53 AM,1197.35,115,137695.25,1705284315.2
09:21:53 AM,1197.05,1324,1584894.2,1706869209.4
09:21:53 AM,1197.35,0,0.0,1706869209.4
09:21:54 AM,1197.35,630,754330.5,1707623539.9
09:21:54 AM,1197.0,0,0.0,1707623539.9
09:21:54 AM,1197.45,616,737629.2000000001,1708361169.1000001
09:21:54 AM,1197.5,0,0.0,1708361169.1000001
09:21:55 AM,1197.5,1,1197.5,1708362366.6000001
09:21:55 AM,1197.6,105,125747.99999999999,1708488114.6000001
09:21:55 AM,1197.5,0,0.0,1708488114.6000001
09:21:56 AM,1197.5,140,167650.0,1708655764.6000001
09:21:56 AM,1197.75,473,566535.75,1709222300.3500001
09:21:57 AM,1197.75,16,19164.0,1709241464.3500001
09:21:57 AM,1197.45,341,408330.45,1709649794.8000002
09:21:57 AM,1197.35,0,0.0,1709649794.8000002
09:21:58 AM,1197.35,162,193970.69999999998,1709843765.5000002
09:21:58 AM,1197.2,501,599797.2000000001,1710443562.7000003
09:21:58 AM,1196.8,0,0.0,1710443562.7000003
09:21:59 AM,1197.0,1493,1787121.0,1712230683.7000003
09:21:59 AM,1197.05,0,0.0,1712230683.7000003
09:22:00 AM,1196.95,1292,1546459.4000000001,1713777143.1000004
09:22:00 AM,1196.85,363,434456.55,1714211599.6500003
09:22:00 AM,1197.25,0,0.0,1714211599.6500003
09:22:01 AM,1197.25,1539,1842567.75,1716054167.4000003
09:22:01 AM,1197.0,0,0.0,1716054167.4000003
09:22:01 AM,1196.85,2258,2702487.3,1718756654.7000003
09:22:02 AM,1196.75,0,0.0,1718756654.7000003
09:22:02 AM,1196.75,73,87362.75,1718844017.4500003
09:22:02 AM,1196.95,8,9575.6,1718853593.0500002
09:22:02 AM,1196.5,0,0.0,1718853593.0500002
09:22:03 AM,1196.5,842,1007453.0,1719861046.0500002
09:22:03 AM,1196.5,585,699952.5,1720560998.5500002
09:22:03 AM,1196.1,0,0.0,1720560998.5500002
09:22:04 AM,1196.5,0,0.0,1720560998.5500002
09:22:04 AM,1196.55,941,1125953.55,1721686952.1000001
09:22:04 AM,1197.5,7218,8643555.0,1730330507.1000001
09:22:04 AM,1197.45,0,0.0,1730330507.1000001
09:22:05 AM,1196.95,72,86180.40000000001,1730416687.5000002
09:22:05 AM,1197.25,583,697996.75,1731114684.2500002
09:22:06 AM,1197.6,1975,2365260.0,1733479944.2500002
09:22:06 AM,1197.65,50,59882.50000000001,1733539826.7500002
09:22:06 AM,1197.8,0,0.0,1733539826.7500002
09:22:07 AM,1197.5,1287,1541182.5,1735081009.2500002
09:22:07 AM,1197.35,627,750738.45,1735831747.7000003
09:22:08 AM,1197.2,0,0.0,1735831747.7000003
09:22:08 AM,1197.75,1382,1655290.5,1737487038.2000003
09:22:08 AM,1197.2,917,1097832.4000000001,1738584870.6000004
09:22:09 AM,1197.2,337,403456.4,1738988327.0000005
09:22:09 AM,1197.75,0,0.0,1738988327.0000005
09:22:10 AM,1197.75,988,1183377.0,1740171704.0000005
09:22:10 AM,1197.6,1631,1953285.5999999999,1742124989.6000004
09:22:10 AM,1197.65,0,0.0,1742124989.6000004
09:22:11 AM,1197.4,0,0.0,1742124989.6000004
09:22:11 AM,1197.4,1799,2154122.6,1744279112.2000003
09:22:11 AM,1197.35,1286,1539792.0999999999,1745818904.3000002
09:22:12 AM,1197.4,74,88607.6,1745907511.9
09:22:12 AM,1197.4,209,250256.6,1746157768.5
09:22:12 AM,1197.2,0,0.0,1746157768.5
09:22:13 AM,1197.25,0,0.0,1746157768.5
09:22:13 AM,1197.65,982,1176092.3,1747333860.8
09:22:13 AM,1197.9,50,59895.00000000001,1747393755.8
09:22:14 AM,1197.5,872,1044220.0,1748437975.8
09:22:14 AM,1197.5,23,27542.5,1748465518.3
09:22:14 AM,1197.1,0,0.0,1748465518.3
09:22:15 AM,1197.5,701,839447.5,1749304965.8
09:22:15 AM,1197.7,0,0.0,1749304965.8
09:22:16 AM,1197.85,798,955884.2999999999,1750260850.1
09:22:16 AM,1197.75,2,2395.5,1750263245.6
09:22:17 AM,1197.85,0,0.0,1750263245.6
09:22:17 AM,1197.7,308,368891.60000000003,1750632137.1999998
09:22:17 AM,1197.6,0,0.0,1750632137.1999998
09:22:18 AM,1198.05,0,0.0,1750632137.1999998
09:22:18 AM,1197.7,756,905461.2000000001,1751537598.3999999
09:22:18 AM,1197.7,4,4790.8,1751542389.1999998
09:22:18 AM,1197.3,0,0.0,1751542389.1999998
09:22:19 AM,1197.4,1016,1216558.4000000001,1752758947.6
09:22:19 AM,1198.0,0,0.0,1752758947.6
09:22:20 AM,1197.8,406,486306.8,1753245254.3999999
09:22:20 AM,1197.85,11,13176.349999999999,1753258430.7499998
09:22:20 AM,1197.8,0,0.0,1753258430.7499998
09:22:21 AM,1197.75,297,355731.75,1753614162.4999998
09:22:21 AM,1197.4,187,223913.80000000002,1753838076.2999997
09:22:21 AM,1197.45,0,0.0,1753838076.2999997
09:22:22 AM,1197.45,195,233502.75,1754071579.0499997
09:22:22 AM,1197.25,209,250225.25,1754321804.2999997
09:22:23 AM,1197.3,0,0.0,1754321804.2999997
09:22:23 AM,1197.0,7239,8665083.0,1762986887.2999997
09:22:23 AM,1197.05,625,748156.25,1763735043.5499997
09:22:23 AM,1197.35,0,0.0,1763735043.5499997
09:22:24 AM,1197.35,3131,3748902.8499999996,1767483946.3999996
09:22:24 AM,1197.3,100,119730.0,1767603676.3999996
09:22:24 AM,1197.35,0,0.0,1767603676.3999996
09:22:25 AM,1197.35,2215,2652130.25,1770255806.6499996
09:22:26 AM,1197.35,315,377165.25,1770632971.8999996
09:22:26 AM,1197.3,415,496879.5,1771129851.3999996
09:22:26 AM,1197.5,0,0.0,1771129851.3999996
09:22:27 AM,1197.3,366,438211.8,1771568063.1999996
09:22:27 AM,1197.3,67,80219.09999999999,1771648282.2999995
09:22:28 AM,1197.1,0,0.0,1771648282.2999995
09:22:28 AM,1197.2,324,387892.8,1772036175.0999994
09:22:28 AM,1197.2,303,362751.60000000003,1772398926.6999993
09:22:28 AM,1197.35,0,0.0,1772398926.6999993
09:22:29 AM,1197.35,1391,1665513.8499999999,1774064440.5499992
09:22:29 AM,1197.35,278,332863.3,1774397303.8499992
09:22:30 AM,1197.15,0,0.0,1774397303.8499992
09:22:30 AM,1197.15,628,751810.2000000001,1775149114.0499992
09:22:30 AM,1197.45,119,142496.55000000002,1775291610.5999992
09:22:31 AM,1197.1,0,0.0,1775291610.5999992
09:22:31 AM,1197.1,358,428561.8,1775720172.3999991
09:22:31 AM,1197.05,5,5985.25,1775726157.6499991
09:22:31 AM,1197.1,0,0.0,1775726157.6499991
09:22:32 AM,1197.1,115,137666.5,1775863824.1499991
09:22:33 AM,1197.1,43,51475.299999999996,1775915299.449999
09:22:34 AM,1197.0,0,0.0,1775915299.449999
09:22:34 AM,1196.85,17200,20585820.0,1796501119.449999
09:22:34 AM,1197.1,285,341173.5,1796842292.949999
09:22:34 AM,1196.85,0,0.0,1796842292.949999
09:22:35 AM,1196.85,3883,4647368.55,1801489661.499999
09:22:35 AM,1196.8,1,1196.8,1801490858.299999
09:22:35 AM,1197.0,0,0.0,1801490858.299999
09:22:36 AM,1197.25,395,472913.75,1801963772.049999
09:22:36 AM,1197.3,6,7183.799999999999,1801970955.849999
09:22:36 AM,1197.35,0,0.0,1801970955.849999
09:22:37 AM,1197.4,940,1125556.0,1803096511.849999
09:22:37 AM,1196.8,0,0.0,1803096511.849999
09:22:38 AM,1197.25,1007,1205630.75,1804302142.599999
09:22:38 AM,1196.9,520,622388.0,1804924530.599999
09:22:39 AM,1197.2,0,0.0,1804924530.599999
09:22:39 AM,1196.8,2886,3453964.8,1808378495.399999
09:22:39 AM,1196.8,1195,1430176.0,1809808671.399999
09:22:39 AM,1197.05,0,0.0,1809808671.399999
09:22:40 AM,1197.1,623,745793.2999999999,1810554464.6999989
09:22:40 AM,1197.1,5,5985.5,1810560450.1999989
09:22:40 AM,1196.95,0,0.0,1810560450.1999989
09:22:41 AM,1197.0,0,0.0,1810560450.1999989
09:22:41 AM,1196.7,928,1110537.6,1811670987.7999988
09:22:41 AM,1196.7,9,10770.300000000001,1811681758.0999987
09:22:41 AM,1196.6,0,0.0,1811681758.0999987
09:22:42 AM,1196.85,215,257322.74999999997,1811939080.8499987
09:22:42 AM,1196.75,0,0.0,1811939080.8499987
09:22:43 AM,1196.7,0,0.0,1811939080.8499987
09:22:43 AM,1196.85,281,336314.85,1812275395.6999986
09:22:43 AM,1196.3,0,0.0,1812275395.6999986
09:22:44 AM,1196.75,0,0.0,1812275395.6999986
09:22:44 AM,1196.75,689,824560.75,1813099956.4499986
09:22:45 AM,1196.3,811,970199.2999999999,1814070155.7499986
09:22:45 AM,1196.8,0,0.0,1814070155.7499986
09:22:46 AM,1196.85,668,799495.7999999999,1814869651.5499985
09:22:47 AM,1196.8,0,0.0,1814869651.5499985
09:22:47 AM,1196.8,297,355449.6,1815225101.1499984
09:22:47 AM,1196.75,0,0.0,1815225101.1499984
09:22:48 AM,1196.75,187,223792.25,1815448893.3999984
09:22:48 AM,1196.4,0,0.0,1815448893.3999984
09:22:49 AM,1196.6,0,0.0,1815448893.3999984
09:22:49 AM,1196.6,725,867534.9999999999,1816316428.3999984
09:22:49 AM,1196.35,0,0.0,1816316428.3999984
09:22:50 AM,1196.6,1215,1453869.0,1817770297.3999984
09:22:50 AM,1196.65,0,0.0,1817770297.3999984
09:22:51 AM,1196.6,0,0.0,1817770297.3999984
09:22:51 AM,1196.65,160,191464.0,1817961761.3999984
09:22:52 AM,1196.75,333,398517.75,1818360279.1499984
09:22:52 AM,1196.75,20,23935.0,1818384214.1499984
09:22:52 AM,1196.5,0,0.0,1818384214.1499984
09:22:53 AM,1196.65,1259,1506582.35,1819890796.4999983
09:22:54 AM,1196.45,0,0.0,1819890796.4999983
09:22:54 AM,1196.6,0,0.0,1819890796.4999983
09:22:55 AM,1196.6,3552,4250323.199999999,1824141119.6999984
09:22:55 AM,1196.05,0,0.0,1824141119.6999984
09:22:56 AM,1196.05,447,534634.35,1824675754.0499983
09:22:56 AM,1196.5,0,0.0,1824675754.0499983
09:22:57 AM,1196.1,754,901859.3999999999,1825577613.4499984
09:22:57 AM,1196.3,0,0.0,1825577613.4499984
09:22:58 AM,1195.55,0,0.0,1825577613.4499984
09:22:58 AM,1195.2,7947,9498254.4,1835075867.8499985
09:22:58 AM,1195.6,0,0.0,1835075867.8499985
09:22:59 AM,1195.2,2049,2448964.8000000003,1837524832.6499984
09:22:59 AM,1195.55,0,0.0,1837524832.6499984
09:23:00 AM,1195.55,578,691027.9,1838215860.5499985
09:23:00 AM,1195.2,0,0.0,1838215860.5499985
09:23:01 AM,1195.75,1436,1717097.0,1839932957.5499985
09:23:01 AM,1195.05,0,0.0,1839932957.5499985
09:23:02 AM,1195.05,758,905847.9,1840838805.4499986
09:23:02 AM,1195.05,75,89628.75,1840928434.1999986
09:23:02 AM,1195.2,0,0.0,1840928434.1999986
09:23:03 AM,1195.65,0,0.0,1840928434.1999986
09:23:03 AM,1195.05,367,438583.35,1841367017.5499985
09:23:03 AM,1194.35,11313,13511681.549999999,1854878699.0999985
09:23:03 AM,1194.7,0,0.0,1854878699.0999985
09:23:04 AM,1194.75,2866,3424153.5,1858302852.5999985
09:23:05 AM,1194.55,834,996254.7,1859299107.2999985
09:23:06 AM,1194.1,0,0.0,1859299107.2999985
09:23:06 AM,1194.55,156,186349.8,1859485457.0999985
09:23:06 AM,1194.85,2947,3521222.9499999997,1863006680.0499985
09:23:06 AM,1194.65,0,0.0,1863006680.0499985
09:23:07 AM,1194.65,157,187560.05000000002,1863194240.0999985
09:23:07 AM,1194.1,762,909904.2,1864104144.2999985
09:23:07 AM,1194.0,0,0.0,1864104144.2999985
09:23:08 AM,1194.0,13,15522.0,1864119666.2999985
09:23:08 AM,1194.4,485,579284.0,1864698950.2999985
09:23:09 AM,1193.9,0,0.0,1864698950.2999985
09:23:09 AM,1193.9,118,140880.2,1864839830.4999986
09:23:09 AM,1193.9,679,810658.1000000001,1865650488.5999985
09:23:10 AM,1193.9,1012,1208226.8,1866858715.3999984
09:23:10 AM,1193.9,364,434579.60000000003,1867293294.9999983
09:23:10 AM,1194.0,0,0.0,1867293294.9999983
09:23:11 AM,1194.0,1,1194.0,1867294488.9999983
09:23:11 AM,1194.0,1585,1892490.0,1869186978.9999983
09:23:11 AM,1193.85,0,0.0,1869186978.9999983
09:23:12 AM,1194.3,0,0.0,1869186978.9999983
09:23:12 AM,1193.9,444,530091.6000000001,1869717070.5999982
09:23:13 AM,1194.25,802,957788.5,1870674859.0999982
09:23:14 AM,1194.2,0,0.0,1870674859.0999982
09:23:14 AM,1194.05,126,150450.3,1870825309.3999982
09:23:14 AM,1194.0,0,0.0,1870825309.3999982
09:23:15 AM,1193.65,0,0.0,1870825309.3999982
09:23:15 AM,1194.0,750,895500.0,1871720809.3999982
09:23:16 AM,1194.5,1781,2127404.5,1873848213.8999982
09:23:17 AM,1194.05,0,0.0,1873848213.8999982
09:23:17 AM,1194.05,99,118210.95,1873966424.8499982
09:23:17 AM,1194.25,0,0.0,1873966424.8499982
09:23:18 AM,1194.0,0,0.0,1873966424.8499982
09:23:18 AM,1194.0,464,554016.0,1874520440.8499982
09:23:18 AM,1194.4,392,468204.80000000005,1874988645.6499982
09:23:18 AM,1194.0,0,0.0,1874988645.6499982
09:23:19 AM,1194.05,0,0.0,1874988645.6499982
09:23:19 AM,1194.05,1666,1989287.2999999998,1876977932.9499981
09:23:19 AM,1194.4,23,27471.2,1877005404.1499982
09:23:20 AM,1194.05,0,0.0,1877005404.1499982
09:23:20 AM,1194.35,3235,3863722.2499999995,1880869126.3999982
09:23:20 AM,1194.15,131,156433.65000000002,1881025560.0499983
09:23:21 AM,1194.5,0,0.0,1881025560.0499983
09:23:21 AM,1194.55,1829,2184831.9499999997,1883210391.9999983
09:23:21 AM,1194.55,70,83618.5,1883294010.4999983
09:23:21 AM,1194.7,0,0.0,1883294010.4999983
09:23:22 AM,1194.65,1256,1500480.4000000001,1884794490.8999984
09:23:22 AM,1195.15,845,1009901.7500000001,1885804392.6499984
09:23:23 AM,1194.75,461,550779.75,1886355172.3999984
09:23:23 AM,1194.75,220,262845.0,1886618017.3999984
09:23:24 AM,1194.65,300,358395.0,1886976412.3999984
09:23:25 AM,1194.85,114,136212.9,1887112625.2999985
09:23:25 AM,1194.35,11,13137.849999999999,1887125763.1499984
09:23:26 AM,1194.35,149,177958.15,1887303721.2999985
09:23:26 AM,1194.65,2,2389.3,1887306110.5999985
09:23:27 AM,1194.5,108,129006.0,1887435116.5999985
09:23:27 AM,1194.2,178,212567.6,1887647684.1999984
09:23:28 AM,1194.35,0,0.0,1887647684.1999984
09:23:28 AM,1194.0,242,288948.0,1887936632.1999984
09:23:29 AM,1194.0,13,15522.0,1887952154.1999984
09:23:29 AM,1194.05,629,751057.45,1888703211.6499984
09:23:30 AM,1194.35,0,0.0,1888703211.6499984
09:23:30 AM,1194.35,126,150488.09999999998,1888853699.7499983
09:23:30 AM,1194.5,727,868401.5,1889722101.2499983
09:23:31 AM,1194.5,118,140951.0,1889863052.2499983
09:23:31 AM,1194.75,0,0.0,1889863052.2499983
09:23:32 AM,1194.9,0,0.0,1889863052.2499983
09:23:32 AM,1194.75,110,131422.5,1889994474.7499983
09:23:32 AM,1194.5,337,402546.5,1890397021.2499983
09:23:33 AM,1194.7,0,0.0,1890397021.2499983
09:23:33 AM,1194.7,641,765802.7000000001,1891162823.9499984
09:23:33 AM,1194.5,861,1028464.5,1892191288.4499984
09:23:33 AM,1194.7,0,0.0,1892191288.4499984
09:23:34 AM,1194.5,0,0.0,1892191288.4499984
09:23:34 AM,1194.5,503,600833.5,1892792121.9499984
09:23:34 AM,1194.55,51,60922.049999999996,1892853043.9999983
09:23:34 AM,1194.0,0,0.0,1892853043.9999983
09:23:35 AM,1194.0,1624,1939056.0,1894792099.9999983
09:23:35 AM,1194.35,162,193484.69999999998,1894985584.6999984
09:23:35 AM,1194.65,0,0.0,1894985584.6999984
09:23:36 AM,1194.65,24,28671.600000000002,1895014256.2999983
09:23:36 AM,1194.65,362,432463.30000000005,1895446719.5999982
09:23:36 AM,1194.75,0,0.0,1895446719.5999982
09:23:37 AM,1194.75,5,5973.75,1895452693.3499982
09:23:37 AM,1194.7,125,149337.5,1895602030.8499982
09:23:37 AM,1194.65,0,0.0,1895602030.8499982
09:23:38 AM,1194.4,452,539868.8,1896141899.6499982
09:23:38 AM,1194.25,666,795370.5,1896937270.1499982
09:23:39 AM,1194.75,0,0.0,1896937270.1499982
09:23:39 AM,1194.75,275,328556.25,1897265826.3999982
09:23:39 AM,1194.7,7,8362.9,1897274189.2999983
09:23:39 AM,1195.0,0,0.0,1897274189.2999983
09:23:40 AM,1195.0,2523,3014985.0,1900289174.2999983
09:23:40 AM,1195.15,67,80075.05,1900369249.3499982
09:23:40 AM,1195.45,0,0.0,1900369249.3499982
09:23:41 AM,1195.3,0,0.0,1900369249.3499982
09:23:41 AM,1195.3,299,357394.7,1900726644.0499983
09:23:41 AM,1195.3,213,254598.9,1900981242.9499984
09:23:41 AM,1195.4,0,0.0,1900981242.9499984
09:23:42 AM,1195.4,353,421976.2,1901403219.1499984
09:23:42 AM,1195.55,395,472242.25,1901875461.3999984
09:23:42 AM,1195.75,0,0.0,1901875461.3999984
09:23:43 AM,1195.75,77,92072.75,1901967534.1499984
09:23:43 AM,1196.0,256,306176.0,1902273710.1499984
09:23:44 AM,1196.3,1451,1735831.3,1904009541.4499984
09:23:44 AM,1196.5,326,390059.0,1904399600.4499984
09:23:45 AM,1196.5,20,23930.0,1904423530.4499984
09:23:45 AM,1196.6,462,552829.2,1904976359.6499984
09:23:45 AM,1196.85,0,0.0,1904976359.6499984
09:23:46 AM,1196.85,12,14362.199999999999,1904990721.8499985
09:23:46 AM,1196.7,81,96932.7,1905087654.5499985
09:23:46 AM,1196.5,0,0.0,1905087654.5499985
09:23:47 AM,1196.55,0,0.0,1905087654.5499985
09:23:47 AM,1196.55,196,234523.8,1905322178.3499985
09:23:47 AM,1196.5,167,199815.5,1905521993.8499985
09:23:48 AM,1196.45,0,0.0,1905521993.8499985
09:23:48 AM,1196.45,39,46661.55,1905568655.3999984
09:23:48 AM,1196.45,55,65804.75,1905634460.1499984
09:23:48 AM,1195.95,0,0.0,1905634460.1499984
09:23:49 AM,1195.95,1185,1417200.75,1907051660.8999984
09:23:49 AM,1196.25,429,513191.25,1907564852.1499984
09:23:50 AM,1196.25,793,948626.25,1908513478.3999984
09:23:50 AM,1196.1,262,313378.19999999995,1908826856.5999985
09:23:50 AM,1196.55,0,0.0,1908826856.5999985
09:23:51 AM,1196.55,136,162730.8,1908989587.3999984
09:23:51 AM,1196.1,2258,2700793.8,1911690381.1999984
09:23:51 AM,1196.45,0,0.0,1911690381.1999984
09:23:52 AM,1196.45,18,21536.100000000002,1911711917.2999983
09:23:52 AM,1196.5,2304,2756736.0,1914468653.2999983
09:23:53 AM,1196.5,81,96916.5,1914565569.7999983
09:23:53 AM,1196.6,1,1196.6,1914566766.3999982
09:23:53 AM,1196.45,0,0.0,1914566766.3999982
09:23:54 AM,1196.45,444,531223.8,1915097990.1999981
09:23:54 AM,1196.0,589,704444.0,1915802434.1999981
09:23:54 AM,1195.9,0,0.0,1915802434.1999981
09:23:55 AM,1195.9,100,119590.00000000001,1915922024.1999981
09:23:55 AM,1196.4,700,837480.0000000001,1916759504.1999981
09:23:55 AM,1196.2,0,0.0,1916759504.1999981
09:23:56 AM,1196.35,4,4785.4,1916764289.5999982
09:23:56 AM,1196.4,49,58623.600000000006,1916822913.1999981
09:23:57 AM,1196.4,115,137586.0,1916960499.1999981
09:23:57 AM,1195.95,125,149493.75,1917109992.9499981
09:23:57 AM,1196.05,0,0.0,1917109992.9499981
09:23:58 AM,1196.05,357,426989.85,1917536982.799998
09:23:59 AM,1196.05,115,137545.75,1917674528.549998
09:23:59 AM,1195.5,241,288115.5,1917962644.049998
09:24:00 AM,1195.45,127,151822.15,1918114466.1999981
09:24:00 AM,1195.25,418,499614.5,1918614080.6999981
09:24:00 AM,1195.5,0,0.0,1918614080.6999981
09:24:01 AM,1195.5,109,130309.5,1918744390.1999981
09:24:01 AM,1195.5,50,59775.0,1918804165.1999981
09:24:01 AM,1195.4,0,0.0,1918804165.1999981
09:24:02 AM,1195.1,0,0.0,1918804165.1999981
09:24:02 AM,1194.95,1586,1895190.7000000002,1920699355.8999982
09:24:02 AM,1195.45,201,240285.45,1920939641.3499982
09:24:02 AM,1195.4,0,0.0,1920939641.3499982
09:24:03 AM,1195.4,363,433930.2,1921373571.5499983
09:24:03 AM,1195.3,96,114748.79999999999,1921488320.3499982
09:24:03 AM,1195.2,0,0.0,1921488320.3499982
09:24:04 AM,1194.7,97,115885.90000000001,1921604206.2499983
09:24:04 AM,1194.95,293,350120.35000000003,1921954326.5999982
09:24:05 AM,1195.25,59,70519.75,1922024846.3499982
09:24:05 AM,1195.25,139,166139.75,1922190986.0999982
09:24:05 AM,1195.0,0,0.0,1922190986.0999982
09:24:06 AM,1195.0,88,105160.0,1922296146.0999982
09:24:06 AM,1195.4,0,0.0,1922296146.0999982
09:24:07 AM,1195.45,0,0.0,1922296146.0999982
09:24:07 AM,1195.45,652,779433.4,1923075579.4999983
09:24:07 AM,1195.45,3,3586.3500000000004,1923079165.8499982
09:24:07 AM,1195.25,0,0.0,1923079165.8499982
09:24:08 AM,1195.25,110,131477.5,1923210643.3499982
09:24:08 AM,1195.1,625,746937.5,1923957580.8499982
09:24:08 AM,1195.2,0,0.0,1923957580.8499982
09:24:09 AM,1195.35,0,0.0,1923957580.8499982
09:24:09 AM,1195.35,193,230702.55,1924188283.3999982
09:24:09 AM,1195.1,2264,2705706.4,1926893989.7999983
09:24:09 AM,1195.25,0,0.0,1926893989.7999983
09:24:10 AM,1195.25,1011,1208397.75,1928102387.5499983
09:24:10 AM,1195.15,972,1161685.8,1929264073.3499982
09:24:10 AM,1195.2,304,363340.8,1929627414.1499982
09:24:11 AM,1195.0,0,0.0,1929627414.1499982
09:24:11 AM,1194.7,138,164868.6,1929792282.749998
09:24:11 AM,1195.2,438,523497.60000000003,1930315780.349998
09:24:12 AM,1195.2,161,192427.2,1930508207.549998
09:24:12 AM,1195.15,0,0.0,1930508207.549998
09:24:13 AM,1195.0,61,72895.0,1930581102.549998
09:24:13 AM,1194.9,0,0.0,1930581102.549998
09:24:14 AM,1194.95,0,0.0,1930581102.549998
09:24:14 AM,1194.9,144,172065.6,1930753168.149998
09:24:14 AM,1194.95,0,0.0,1930753168.149998
09:24:15 AM,1194.9,21,25092.9,1930778261.049998
09:24:15 AM,1195.25,0,0.0,1930778261.049998
09:24:16 AM,1195.15,577,689601.55,1931467862.599998
09:24:16 AM,1195.3,0,0.0,1931467862.599998
09:24:17 AM,1195.15,0,0.0,1931467862.599998
09:24:17 AM,1194.95,264,315466.8,1931783329.399998
09:24:18 AM,1194.95,1204,1438719.8,1933222049.199998
09:24:18 AM,1195.4,0,0.0,1933222049.199998
09:24:19 AM,1195.0,2086,2492770.0,1935714819.199998
09:24:19 AM,1195.25,216,258174.0,1935972993.199998
09:24:19 AM,1195.1,0,0.0,1935972993.199998
09:24:20 AM,1195.1,4943,5907379.3,1941880372.4999979
09:24:20 AM,1194.65,0,0.0,1941880372.4999979
09:24:21 AM,1195.2,1283,1533441.6,1943413814.0999978
09:24:21 AM,1194.95,3,3584.8500000000004,1943417398.9499977
09:24:22 AM,1195.3,37,44226.1,1943461625.0499976
09:24:23 AM,1195.3,78,93233.4,1943554858.4499977
09:24:23 AM,1195.05,0,0.0,1943554858.4499977
09:24:24 AM,1195.0,0,0.0,1943554858.4499977
09:24:24 AM,1194.05,1387,1656147.3499999999,1945211005.7999976
09:24:24 AM,1194.3,0,0.0,1945211005.7999976
09:24:25 AM,1194.8,1937,2314327.6,1947525333.3999975
09:24:26 AM,1194.3,232,277077.6,1947802410.9999974
09:24:27 AM,1194.25,43,51352.75,1947853763.7499974
09:24:28 AM,1194.25,134,160029.5,1948013793.2499974
09:24:28 AM,1193.65,0,0.0,1948013793.2499974
09:24:29 AM,1193.35,0,0.0,1948013793.2499974
09:24:29 AM,1193.3,7209,8602499.7,1956616292.9499974
09:24:30 AM,1193.65,0,0.0,1956616292.9499974
09:24:30 AM,1193.85,1468,1752571.7999999998,1958368864.7499974
09:24:30 AM,1193.7,0,0.0,1958368864.7499974
09:24:31 AM,1193.75,0,0.0,1958368864.7499974
09:24:31 AM,1193.55,7043,8406172.65,1966775037.3999975
09:24:32 AM,1194.0,0,0.0,1966775037.3999975
09:24:32 AM,1194.0,488,582672.0,1967357709.3999975
09:24:32 AM,1193.55,0,0.0,1967357709.3999975
09:24:33 AM,1193.9,754,900200.6000000001,1968257909.9999974
09:24:33 AM,1193.7,0,0.0,1968257909.9999974
09:24:34 AM,1193.75,0,0.0,1968257909.9999974
09:24:34 AM,1193.75,346,413037.5,1968670947.4999974
09:24:35 AM,1193.55,222,264968.1,1968935915.5999973
09:24:36 AM,1193.75,0,0.0,1968935915.5999973
09:24:37 AM,1193.75,162,193387.5,1969129303.0999973
09:24:38 AM,1193.75,14,16712.5,1969146015.5999973
09:24:38 AM,1193.3,0,0.0,1969146015.5999973
09:24:39 AM,1193.6,0,0.0,1969146015.5999973
09:24:39 AM,1193.15,504,601347.6000000001,1969747363.1999972
09:24:39 AM,1193.45,104,124118.8,1969871481.9999971
09:24:39 AM,1193.55,0,0.0,1969871481.9999971
09:24:40 AM,1193.0,1159,1382687.0,1971254168.9999971
09:24:40 AM,1193.3,0,0.0,1971254168.9999971
09:24:41 AM,1193.0,302,360286.0,1971614454.9999971
09:24:41 AM,1193.55,336,401032.8,1972015487.799997
09:24:41 AM,1193.0,0,0.0,1972015487.799997
09:24:42 AM,1193.55,0,0.0,1972015487.799997
09:24:42 AM,1193.55,393,469065.14999999997,1972484552.9499972
09:24:42 AM,1193.05,412,491536.6,1972976089.549997
09:24:42 AM,1193.6,0,0.0,1972976089.549997
09:24:43 AM,1193.6,720,859391.9999999999,1973835481.549997
09:24:43 AM,1193.05,0,0.0,1973835481.549997
09:24:44 AM,1193.75,1284,1532775.0,1975368256.549997
09:24:44 AM,1193.0,625,745625.0,1976113881.549997
09:24:44 AM,1193.3,0,0.0,1976113881.549997
09:24:45 AM,1193.3,47,56085.1,1976169966.649997
09:24:45 AM,1193.45,1,1193.45,1976171160.099997
09:24:45 AM,1193.2,0,0.0,1976171160.099997
09:24:46 AM,1193.05,153,182536.65,1976353696.7499971
09:24:46 AM,1193.0,0,0.0,1976353696.7499971
09:24:47 AM,1193.0,300,357900.0,1976711596.7499971
09:24:47 AM,1193.3,0,0.0,1976711596.7499971
09:24:48 AM,1193.05,517,616806.85,1977328403.599997
09:24:48 AM,1193.0,0,0.0,1977328403.599997
09:24:49 AM,1193.4,250,298350.0,1977626753.599997
09:24:50 AM,1193.8,0,0.0,1977626753.599997
09:24:50 AM,1193.45,0,0.0,1977626753.599997
09:24:50 AM,1193.4,103,122920.20000000001,1977749673.799997
09:24:50 AM,1193.8,5,5969.0,1977755642.799997
09:24:51 AM,1193.6,0,0.0,1977755642.799997
09:24:51 AM,1193.0,2043,2437299.0,1980192941.799997
09:24:52 AM,1193.1,0,0.0,1980192941.799997
09:24:52 AM,1193.2,1673,1996223.6,1982189165.399997
09:24:53 AM,1193.3,0,0.0,1982189165.399997
09:24:53 AM,1193.3,699,834116.7,1983023282.099997
09:24:54 AM,1193.75,452,539575.0,1983562857.099997
09:24:54 AM,1193.6,0,0.0,1983562857.099997
09:24:55 AM,1193.4,153,182590.2,1983745447.299997
09:24:56 AM,1193.2,0,0.0,1983745447.299997
09:24:56 AM,1193.2,255,304266.0,1984049713.299997
09:24:57 AM,1193.45,0,0.0,1984049713.299997
09:24:57 AM,1193.3,0,0.0,1984049713.299997
09:24:57 AM,1193.0,831,991383.0,1985041096.299997
09:24:58 AM,1193.2,0,0.0,1985041096.299997
09:24:58 AM,1193.0,0,0.0,1985041096.299997
09:24:58 AM,1193.15,1435,1712170.2500000002,1986753266.549997
09:24:58 AM,1193.25,1,1193.25,1986754459.799997
09:24:59 AM,1193.2,97,115740.40000000001,1986870200.1999972
09:25:00 AM,1193.25,0,0.0,1986870200.1999972
09:25:00 AM,1193.3,857,1022658.1,1987892858.299997
09:25:01 AM,1193.3,805,960606.5,1988853464.799997
09:25:02 AM,1193.75,0,0.0,1988853464.799997
09:25:02 AM,1193.75,2336,2788600.0,1991642064.799997
09:25:03 AM,1194.0,671,801174.0,1992443238.799997
09:25:04 AM,1193.75,0,0.0,1992443238.799997
09:25:04 AM,1193.6,150,179040.0,1992622278.799997
09:25:05 AM,1194.0,0,0.0,1992622278.799997
09:25:05 AM,1193.75,0,0.0,1992622278.799997
09:25:05 AM,1193.4,239,285222.60000000003,1992907501.399997
09:25:06 AM,1193.65,0,0.0,1992907501.399997
09:25:06 AM,1193.85,701,836888.85,1993744390.249997
09:25:07 AM,1193.75,0,0.0,1993744390.249997
09:25:07 AM,1193.9,55,65664.5,1993810054.749997
09:25:08 AM,1193.75,0,0.0,1993810054.749997
09:25:08 AM,1193.9,46,54919.4,1993864974.149997
09:25:09 AM,1193.75,0,0.0,1993864974.149997
09:25:09 AM,1193.15,2029,2420901.35,1996285875.499997
09:25:10 AM,1193.65,0,0.0,1996285875.499997
09:25:10 AM,1193.5,0,0.0,1996285875.499997
09:25:10 AM,1193.6,140,167104.0,1996452979.499997
09:25:11 AM,1193.4,0,0.0,1996452979.499997
09:25:11 AM,1193.5,0,0.0,1996452979.499997
09:25:11 AM,1192.35,2819,3361234.65,1999814214.149997
09:25:11 AM,1193.0,303,361479.0,2000175693.149997
09:25:12 AM,1192.6,183,218245.8,2000393938.949997
09:25:13 AM,1192.55,0,0.0,2000393938.949997
09:25:13 AM,1193.0,460,548780.0,2000942718.949997
09:25:13 AM,1192.85,55,65606.75,2001008325.699997
09:25:14 AM,1192.7,0,0.0,2001008325.699997
09:25:14 AM,1192.6,124,147882.4,2001156208.099997
09:25:15 AM,1192.75,0,0.0,2001156208.099997
09:25:15 AM,1192.5,1231,1467967.5,2002624175.599997
09:25:16 AM,1192.25,0,0.0,2002624175.599997
09:25:16 AM,1192.25,3430,4089417.5,2006713593.099997
09:25:17 AM,1192.0,0,0.0,2006713593.099997
09:25:17 AM,1192.3,0,0.0,2006713593.099997
09:25:17 AM,1192.4,3495,4167438.0000000005,2010881031.099997
09:25:18 AM,1191.9,0,0.0,2010881031.099997
09:25:18 AM,1192.55,739,881294.45,2011762325.549997
09:25:19 AM,1192.25,0,0.0,2011762325.549997
09:25:19 AM,1192.4,0,0.0,2011762325.549997
09:25:19 AM,1192.6,1007,1200948.2,2012963273.7499971
09:25:20 AM,1192.05,0,0.0,2012963273.7499971
09:25:20 AM,1192.5,0,0.0,2012963273.7499971
09:25:20 AM,1192.25,2131,2540684.75,2015503958.4999971
09:25:21 AM,1192.55,0,0.0,2015503958.4999971
09:25:21 AM,1192.8,121,144328.8,2015648287.299997
09:25:22 AM,1192.55,0,0.0,2015648287.299997
09:25:22 AM,1192.75,2389,2849479.75,2018497767.049997
09:25:23 AM,1192.9,0,0.0,2018497767.049997
09:25:23 AM,1193.5,909,1084891.5,2019582658.549997
09:25:23 AM,1193.5,2,2387.0,2019585045.549997
09:25:24 AM,1193.6,710,847455.9999999999,2020432501.549997
09:25:25 AM,1193.35,0,0.0,2020432501.549997
09:25:25 AM,1193.8,526,627938.7999999999,2021060440.349997
09:25:25 AM,1193.35,102,121721.7,2021182162.049997
09:25:26 AM,1193.75,217,259043.75,2021441205.799997
09:25:26 AM,1193.55,1,1193.55,2021442399.349997
09:25:27 AM,1193.35,248,295950.8,2021738350.149997
09:25:28 AM,1193.8,21,25069.8,2021763419.949997
09:25:29 AM,1193.55,104,124129.2,2021887549.149997
09:25:29 AM,1193.65,151,180241.15000000002,2022067790.299997
09:25:30 AM,1193.6,47,56099.2,2022123889.4999971
09:25:30 AM,1193.5,20,23870.0,2022147759.4999971
09:25:31 AM,1193.55,1350,1611292.5,2023759051.9999971
09:25:31 AM,1193.45,3,3580.3500000000004,2023762632.349997
09:25:32 AM,1193.4,275,328185.0,2024090817.349997
09:25:32 AM,1193.0,103,122879.0,2024213696.349997
09:25:33 AM,1193.25,520,620490.0,2024834186.349997
09:25:34 AM,1193.1,131,156296.09999999998,2024990482.449997
09:25:34 AM,1193.25,40,47730.0,2025038212.449997
09:25:35 AM,1192.75,327,390029.25,2025428241.699997
09:25:35 AM,1193.05,46,54880.299999999996,2025483121.999997
09:25:36 AM,1192.9,99,118097.1,2025601219.0999968
09:25:38 AM,1192.9,24,28629.600000000002,2025629848.6999967
09:25:38 AM,1193.1,360,429515.99999999994,2026059364.6999967
09:25:39 AM,1193.05,84,100216.2,2026159580.8999968
09:25:39 AM,1193.0,1,1193.0,2026160773.8999968
09:25:40 AM,1192.8,0,0.0,2026160773.8999968
09:25:40 AM,1192.8,2294,2736283.1999999997,2028897057.0999968
09:25:40 AM,1192.8,2,2385.6,2028899442.6999967
09:25:41 AM,1192.75,0,0.0,2028899442.6999967
09:25:41 AM,1192.75,419,499762.25,2029399204.9499967
09:25:41 AM,1192.8,296,353068.8,2029752273.7499967
09:25:42 AM,1193.0,0,0.0,2029752273.7499967
09:25:42 AM,1193.0,17,20281.0,2029772554.7499967
09:25:42 AM,1193.1,1,1193.1,2029773747.8499966
09:25:43 AM,1192.7,0,0.0,2029773747.8499966
09:25:43 AM,1192.7,857,1022143.9,2030795891.7499967
09:25:43 AM,1193.1,15,17896.5,2030813788.2499967
09:25:44 AM,1193.05,0,0.0,2030813788.2499967
09:25:44 AM,1193.05,2,2386.1,2030816174.3499966
09:25:44 AM,1192.5,737,878872.5,2031695046.8499966
09:25:45 AM,1192.95,0,0.0,2031695046.8499966
09:25:45 AM,1192.95,112,133610.4,2031828657.2499967
09:25:45 AM,1192.8,9,10735.199999999999,2031839392.4499967
09:25:46 AM,1192.9,0,0.0,2031839392.4499967
09:25:46 AM,1193.1,0,0.0,2031839392.4499967
09:25:46 AM,1193.1,528,629956.7999999999,2032469349.2499967
09:25:46 AM,1192.95,25,29823.75,2032499172.9999967
09:25:47 AM,1192.7,0,0.0,2032499172.9999967
09:25:47 AM,1192.7,130,155051.0,2032654223.9999967
09:25:47 AM,1192.95,3,3578.8500000000004,2032657802.8499966
09:25:47 AM,1193.0,1,1193.0,2032658995.8499966
09:25:48 AM,1192.65,116,138347.40000000002,2032797343.2499967
09:25:49 AM,1193.0,0,0.0,2032797343.2499967
09:25:49 AM,1193.0,36,42948.0,2032840291.2499967
09:25:50 AM,1193.0,64,76352.0,2032916643.2499967
09:25:50 AM,1192.95,100,119295.0,2033035938.2499967
09:25:51 AM,1193.0,14,16702.0,2033052640.2499967
09:25:51 AM,1193.1,902,1076176.2,2034128816.4499967
09:25:52 AM,1193.0,0,0.0,2034128816.4499967
09:25:52 AM,1193.0,3,3579.0,2034132395.4499967
09:25:53 AM,1193.15,0,0.0,2034132395.4499967
09:25:53 AM,1193.25,9,10739.25,2034143134.6999967
09:25:53 AM,1193.5,200,238700.0,2034381834.6999967
09:25:54 AM,1193.25,0,0.0,2034381834.6999967
09:25:54 AM,1193.4,56,66830.40000000001,2034448665.0999968
09:25:55 AM,1193.15,0,0.0,2034448665.0999968
09:25:55 AM,1193.4,1263,1507264.2000000002,2035955929.2999969
09:25:56 AM,1193.65,56,66844.40000000001,2036022773.699997
09:25:57 AM,1193.65,23,27453.95,2036050227.649997
09:25:57 AM,1193.65,1,1193.65,2036051421.299997
09:25:58 AM,1193.65,14,16711.100000000002,2036068132.399997
09:25:59 AM,1193.65,527,629053.55,2036697185.949997
09:26:00 AM,1193.65,228,272152.2,2036969338.149997
09:26:01 AM,1193.7,0,0.0,2036969338.149997
09:26:01 AM,1193.85,794,947916.8999999999,2037917255.049997
09:26:01 AM,1193.85,25,29846.249999999996,2037947101.299997
09:26:02 AM,1193.5,0,0.0,2037947101.299997
09:26:02 AM,1193.5,300,358050.0,2038305151.299997
09:26:02 AM,1193.45,178,212434.1,2038517585.399997
09:26:03 AM,1193.85,456,544395.6,2039061980.999997
09:26:04 AM,1193.8,0,0.0,2039061980.999997
09:26:04 AM,1193.8,2,2387.6,2039064368.5999968
09:26:04 AM,1193.55,653,779388.15,2039843756.749997
09:26:05 AM,1194.6,0,0.0,2039843756.749997
09:26:05 AM,1193.8,3021,3606469.8,2043450226.5499969
09:26:05 AM,1194.65,26,31060.9,2043481287.449997
09:26:06 AM,1194.5,0,0.0,2043481287.449997
09:26:06 AM,1194.5,22,26279.0,2043507566.449997
09:26:06 AM,1194.35,522,623450.7,2044131017.149997
09:26:08 AM,1194.55,0,0.0,2044131017.149997
09:26:08 AM,1194.55,268,320139.39999999997,2044451156.549997
09:26:09 AM,1194.45,0,0.0,2044451156.549997
09:26:09 AM,1194.5,0,0.0,2044451156.549997
09:26:09 AM,1194.5,115,137367.5,2044588524.049997
09:26:09 AM,1194.55,387,462290.85,2045050814.899997
09:26:10 AM,1194.8,0,0.0,2045050814.899997
09:26:10 AM,1194.8,57,68103.59999999999,2045118918.499997
09:26:11 AM,1194.55,0,0.0,2045118918.499997
09:26:11 AM,1194.55,214,255633.69999999998,2045374552.199997
09:26:11 AM,1194.25,984,1175142.0,2046549694.199997
09:26:12 AM,1194.15,205,244800.75000000003,2046794494.949997
09:26:12 AM,1194.6,1,1194.6,2046795689.5499969
09:26:13 AM,1194.55,0,0.0,2046795689.5499969
09:26:13 AM,1194.3,25,29857.5,2046825547.0499969
09:26:13 AM,1194.75,45,53763.75,2046879310.7999969
09:26:14 AM,1194.35,537,641365.95,2047520676.749997
09:26:15 AM,1194.2,0,0.0,2047520676.749997
09:26:15 AM,1194.6,715,854138.9999999999,2048374815.749997
09:26:16 AM,1194.65,0,0.0,2048374815.749997
09:26:16 AM,1194.7,0,0.0,2048374815.749997
09:26:16 AM,1194.7,51,60929.700000000004,2048435745.449997
09:26:16 AM,1195.0,829,990655.0,2049426400.449997
09:26:17 AM,1195.0,85,101575.0,2049527975.449997
09:26:17 AM,1195.0,7,8365.0,2049536340.449997
09:26:18 AM,1195.0,79,94405.0,2049630745.449997
09:26:18 AM,1195.0,15,17925.0,2049648670.449997
09:26:19 AM,1195.2,0,0.0,2049648670.449997
09:26:19 AM,1195.2,620,741024.0,2050389694.449997
09:26:19 AM,1195.15,328,392009.2,2050781703.649997
09:26:20 AM,1195.4,0,0.0,2050781703.649997
09:26:20 AM,1195.45,0,0.0,2050781703.649997
09:26:20 AM,1195.15,135,161345.25,2050943048.899997
09:26:20 AM,1195.0,73,87235.0,2051030283.899997
09:26:21 AM,1195.0,34,40630.0,2051070913.899997
09:26:21 AM,1195.0,8,9560.0,2051080473.899997
09:26:22 AM,1195.0,336,401520.0,2051481993.899997
09:26:22 AM,1194.95,62,74086.90000000001,2051556080.799997
09:26:23 AM,1195.1,0,0.0,2051556080.799997
09:26:23 AM,1195.0,1760,2103200.0,2053659280.799997
09:26:23 AM,1194.55,346,413314.3,2054072595.099997
09:26:24 AM,1194.9,0,0.0,2054072595.099997
09:26:24 AM,1194.9,605,722914.5,2054795509.599997
09:26:24 AM,1194.7,3,3584.1000000000004,2054799093.699997
09:26:25 AM,1194.85,0,0.0,2054799093.699997
09:26:25 AM,1194.85,13,15533.05,2054814626.749997
09:26:25 AM,1194.85,34,40624.899999999994,2054855251.649997
09:26:26 AM,1194.8,0,0.0,2054855251.649997
09:26:26 AM,1194.8,191,228206.8,2055083458.449997
09:26:26 AM,1194.5,485,579332.5,2055662790.949997
09:26:27 AM,1194.7,0,0.0,2055662790.949997
09:26:27 AM,1194.95,1101,1315639.95,2056978430.899997
09:26:27 AM,1194.75,155,185186.25,2057163617.149997
09:26:28 AM,1194.7,0,0.0,2057163617.149997
09:26:28 AM,1194.7,22,26283.4,2057189900.549997
09:26:28 AM,1194.75,66,78853.5,2057268754.049997
09:26:29 AM,1194.6,0,0.0,2057268754.049997
09:26:29 AM,1194.55,21,25085.55,2057293839.599997
09:26:29 AM,1194.5,653,780008.5,2058073848.099997
09:26:30 AM,1194.55,1050,1254277.5,2059328125.599997
09:26:30 AM,1194.5,294,351183.0,2059679308.599997
09:26:31 AM,1194.7,0,0.0,2059679308.599997
09:26:31 AM,1194.7,40,47788.0,2059727096.599997
09:26:31 AM,1194.9,351,419409.9,2060146506.4999971
09:26:32 AM,1194.5,0,0.0,2060146506.4999971
09:26:32 AM,1194.9,0,0.0,2060146506.4999971
09:26:32 AM,1194.9,215,256903.50000000003,2060403409.9999971
09:26:32 AM,1194.7,10,11947.0,2060415356.9999971
09:26:33 AM,1194.8,0,0.0,2060415356.9999971
09:26:33 AM,1194.8,20,23896.0,2060439252.9999971
09:26:33 AM,1195.0,410,489950.0,2060929202.9999971
09:26:34 AM,1194.95,0,0.0,2060929202.9999971
09:26:34 AM,1194.95,10,11949.5,2060941152.4999971
09:26:34 AM,1195.0,1,1195.0,2060942347.4999971
09:26:35 AM,1195.1,0,0.0,2060942347.4999971
09:26:35 AM,1195.1,422,504332.19999999995,2061446679.6999972
09:26:35 AM,1195.25,437,522324.25,2061969003.9499972
09:26:36 AM,1195.4,1,1195.4,2061970199.3499973
09:26:37 AM,1195.1,0,0.0,2061970199.3499973
09:26:37 AM,1195.45,0,0.0,2061970199.3499973
09:26:37 AM,1195.45,161,192467.45,2062162666.7999973
09:26:37 AM,1195.2,11,13147.2,2062175813.9999974
09:26:38 AM,1195.0,0,0.0,2062175813.9999974
09:26:38 AM,1194.7,0,0.0,2062175813.9999974
09:26:38 AM,1194.7,148,176815.6,2062352629.5999973
09:26:38 AM,1194.7,1,1194.7,2062353824.2999973
09:26:39 AM,1194.95,1,1194.95,2062355019.2499974
09:26:41 AM,1195.15,251,299982.65,2062655001.8999975
09:26:41 AM,1194.85,41,48988.85,2062703990.7499974
09:26:42 AM,1194.95,0,0.0,2062703990.7499974
09:26:42 AM,1194.7,264,315400.8,2063019391.5499973
09:26:43 AM,1195.15,131,156564.65000000002,2063175956.1999974
09:26:43 AM,1194.85,20,23897.0,2063199853.1999974
09:26:43 AM,1194.95,131,156538.45,2063356391.6499975
09:26:44 AM,1194.05,1653,1973764.65,2065330156.2999976
09:26:45 AM,1194.55,1,1194.55,2065331350.8499975
09:26:45 AM,1194.5,900,1075050.0,2066406400.8499975
09:26:46 AM,1194.4,235,280684.0,2066687084.8499975
09:26:46 AM,1194.4,14,16721.600000000002,2066703806.4499974
09:26:47 AM,1194.25,26,31050.5,2066734856.9499974
09:26:47 AM,1194.35,0,0.0,2066734856.9499974
09:26:48 AM,1194.15,776,926660.4,2067661517.3499975
09:26:48 AM,1194.3,0,0.0,2067661517.3499975
09:26:49 AM,1194.55,23,27474.649999999998,2067688991.9999976
09:26:50 AM,1194.3,260,310518.0,2067999509.9999976
09:26:51 AM,1194.45,2348,2804568.6,2070804078.5999975
09:26:51 AM,1194.25,0,0.0,2070804078.5999975
09:26:51 AM,1194.25,8,9554.0,2070813632.5999975
09:26:52 AM,1194.25,58,69266.5,2070882899.0999975
09:26:52 AM,1193.65,0,0.0,2070882899.0999975
09:26:53 AM,1194.0,5505,6572970.0,2077455869.0999975
09:26:54 AM,1193.8,1230,1468374.0,2078924243.0999975
09:26:55 AM,1193.7,308,367659.60000000003,2079291902.6999974
09:26:56 AM,1193.45,60,71607.0,2079363509.6999974
09:26:57 AM,1193.6,50,59679.99999999999,2079423189.6999974
09:26:57 AM,1193.4,0,0.0,2079423189.6999974
09:26:58 AM,1193.5,23,27450.5,2079450640.1999974
09:26:59 AM,1193.4,2,2386.8,2079453026.9999974
09:26:59 AM,1193.5,0,0.0,2079453026.9999974
09:27:00 AM,1193.5,90,107415.0,2079560441.9999974
09:27:01 AM,1193.5,74,88319.0,2079648760.9999974
09:27:02 AM,1193.5,324,386694.0,2080035454.9999974
09:27:03 AM,1193.3,351,418848.3,2080454303.2999973
09:27:03 AM,1193.5,0,0.0,2080454303.2999973
09:27:04 AM,1193.55,0,0.0,2080454303.2999973
09:27:04 AM,1193.55,1204,1437034.2,2081891337.4999974
09:27:05 AM,1193.95,0,0.0,2081891337.4999974
09:27:05 AM,1193.95,143,170734.85,2082062072.3499973
09:27:06 AM,1193.55,0,0.0,2082062072.3499973
09:27:06 AM,1193.55,395,471452.25,2082533524.5999973
09:27:07 AM,1193.5,0,0.0,2082533524.5999973
09:27:07 AM,1193.5,28,33418.0,2082566942.5999973
09:27:08 AM,1193.4,0,0.0,2082566942.5999973
09:27:08 AM,1193.4,398,474973.2,2083041915.7999973
09:27:09 AM,1193.2,0,0.0,2083041915.7999973
09:27:09 AM,1193.2,698,832853.6,2083874769.3999972
09:27:09 AM,1193.15,0,0.0,2083874769.3999972
09:27:10 AM,1192.65,0,0.0,2083874769.3999972
09:27:10 AM,1192.65,1995,2379336.75,2086254106.1499972
09:27:11 AM,1192.25,0,0.0,2086254106.1499972
09:27:11 AM,1192.25,1747,2082860.75,2088336966.8999972
09:27:12 AM,1192.6,0,0.0,2088336966.8999972
09:27:12 AM,1192.6,1,1192.6,2088338159.4999971
09:27:12 AM,1192.4,0,0.0,2088338159.4999971
09:27:12 AM,1192.4,1,1192.4,2088339351.8999972
09:27:13 AM,1192.3,0,0.0,2088339351.8999972
09:27:13 AM,1192.3,200,238460.0,2088577811.8999972
09:27:14 AM,1193.35,0,0.0,2088577811.8999972
09:27:14 AM,1192.9,0,0.0,2088577811.8999972
09:27:14 AM,1192.9,113,134797.7,2088712609.5999973
09:27:14 AM,1193.15,5,5965.75,2088718575.3499973
09:27:15 AM,1193.05,0,0.0,2088718575.3499973
09:27:15 AM,1193.05,288,343598.39999999997,2089062173.7499974
09:27:16 AM,1193.25,0,0.0,2089062173.7499974
09:27:16 AM,1193.6,0,0.0,2089062173.7499974
09:27:16 AM,1193.3,373,445100.89999999997,2089507274.6499975
09:27:17 AM,1193.45,16,19095.2,2089526369.8499975
09:27:17 AM,1193.45,15,17901.75,2089544271.5999975
09:27:18 AM,1193.65,0,0.0,2089544271.5999975
09:27:18 AM,1193.75,0,0.0,2089544271.5999975
09:27:18 AM,1193.5,161,192153.5,2089736425.0999975
09:27:18 AM,1193.45,5,5967.25,2089742392.3499975
09:27:19 AM,1193.5,0,0.0,2089742392.3499975
09:27:19 AM,1194.0,96,114624.0,2089857016.3499975
09:27:20 AM,1194.25,0,0.0,2089857016.3499975
09:27:20 AM,1194.25,262,312893.5,2090169909.8499975
09:27:20 AM,1194.0,336,401184.0,2090571093.8499975
09:27:21 AM,1194.7,0,0.0,2090571093.8499975
09:27:21 AM,1194.7,139,166063.30000000002,2090737157.1499975
09:27:21 AM,1194.7,2,2389.4,2090739546.5499976
09:27:22 AM,1194.7,24,28672.800000000003,2090768219.3499975
09:27:22 AM,1194.3,19,22691.7,2090790911.0499976
09:27:23 AM,1194.7,0,0.0,2090790911.0499976
09:27:23 AM,1194.7,10,11947.0,2090802858.0499976
09:27:24 AM,1194.6,0,0.0,2090802858.0499976
09:27:24 AM,1194.25,0,0.0,2090802858.0499976
09:27:24 AM,1194.45,1355,1618479.75,2092421337.7999976
09:27:24 AM,1194.05,502,599413.1,2093020750.8999975
09:27:25 AM,1194.7,0,0.0,2093020750.8999975
09:27:25 AM,1194.7,100,119470.0,2093140220.8999975
09:27:26 AM,1194.35,0,0.0,2093140220.8999975
09:27:26 AM,1194.35,16,19109.6,2093159330.4999974
09:27:27 AM,1193.95,0,0.0,2093159330.4999974
09:27:27 AM,1194.1,0,0.0,2093159330.4999974
09:27:27 AM,1194.1,979,1169023.9,2094328354.3999975
09:27:28 AM,1194.5,0,0.0,2094328354.3999975
09:27:28 AM,1194.5,72,86004.0,2094414358.3999975
09:27:28 AM,1194.5,1,1194.5,2094415552.8999975
09:27:29 AM,1194.5,31,37029.5,2094452582.3999975
09:27:30 AM,1194.75,0,0.0,2094452582.3999975
09:27:30 AM,1194.9,94,112320.6,2094564902.9999974
09:27:30 AM,1194.9,50,59745.00000000001,2094624647.9999974
09:27:31 AM,1194.9,50,59745.00000000001,2094684392.9999974
09:27:31 AM,1194.75,501,598569.75,2095282962.7499974
09:27:32 AM,1194.9,0,0.0,2095282962.7499974
09:27:32 AM,1194.9,32,38236.8,2095321199.5499973
09:27:32 AM,1194.9,345,412240.50000000006,2095733440.0499973
09:27:33 AM,1195.0,0,0.0,2095733440.0499973
09:27:33 AM,1195.0,4053,4843335.0,2100576775.0499973
09:27:34 AM,1194.3,1127,1345976.0999999999,2101922751.1499972
09:27:35 AM,1195.0,0,0.0,2101922751.1499972
09:27:35 AM,1194.75,114,136201.5,2102058952.6499972
09:27:36 AM,1195.0,0,0.0,2102058952.6499972
09:27:36 AM,1195.0,793,947635.0,2103006587.6499972
09:27:36 AM,1195.2,1,1195.2,2103007782.8499973
09:27:37 AM,1195.5,0,0.0,2103007782.8499973
09:27:37 AM,1195.5,555,663502.5,2103671285.3499973
09:27:38 AM,1195.4,0,0.0,2103671285.3499973
09:27:38 AM,1195.4,1270,1518158.0,2105189443.3499973
09:27:38 AM,1195.05,0,0.0,2105189443.3499973
09:27:38 AM,1195.05,51,60947.549999999996,2105250390.8999972
09:27:39 AM,1195.5,0,0.0,2105250390.8999972
09:27:39 AM,1195.5,72,86076.0,2105336466.8999972
09:27:40 AM,1195.6,0,0.0,2105336466.8999972
09:27:40 AM,1195.6,1102,1317551.2,2106654018.0999973
09:27:40 AM,1196.0,0,0.0,2106654018.0999973
09:27:40 AM,1196.0,255,304980.0,2106958998.0999973
09:27:41 AM,1195.8,0,0.0,2106958998.0999973
09:27:41 AM,1195.8,219,261880.19999999998,2107220878.2999973
09:27:42 AM,1196.0,0,0.0,2107220878.2999973
09:27:42 AM,1196.0,340,406640.0,2107627518.2999973
09:27:42 AM,1196.0,4,4784.0,2107632302.2999973
09:27:43 AM,1195.65,0,0.0,2107632302.2999973
09:27:43 AM,1196.0,0,0.0,2107632302.2999973
09:27:43 AM,1196.0,12525,14979900.0,2122612202.2999973
09:27:43 AM,1195.8,101,120775.79999999999,2122732978.0999973
09:27:44 AM,1196.1,0,0.0,2122732978.0999973
09:27:44 AM,1196.1,129,154296.9,2122887274.9999974
09:27:44 AM,1196.1,160,191376.0,2123078650.9999974
09:27:45 AM,1196.25,0,0.0,2123078650.9999974
09:27:45 AM,1196.1,0,0.0,2123078650.9999974
09:27:45 AM,1196.5,62,74183.0,2123152833.9999974
09:27:45 AM,1196.3,1,1196.3,2123154030.2999973
09:27:46 AM,1196.5,0,0.0,2123154030.2999973
09:27:46 AM,1196.5,159,190243.5,2123344273.7999973
09:27:46 AM,1196.5,1,1196.5,2123345470.2999973
09:27:47 AM,1196.45,351,419953.95,2123765424.2499974
09:27:47 AM,1196.1,489,584892.8999999999,2124350317.1499975
09:27:48 AM,1196.25,0,0.0,2124350317.1499975
09:27:48 AM,1196.35,0,0.0,2124350317.1499975
09:27:48 AM,1196.1,86,102864.59999999999,2124453181.7499974
09:27:48 AM,1196.25,9,10766.25,2124463947.9999974
09:27:49 AM,1196.35,0,0.0,2124463947.9999974
09:27:49 AM,1196.25,0,0.0,2124463947.9999974
09:27:49 AM,1196.25,199,238053.75,2124702001.7499974
09:27:49 AM,1196.25,3397,4063661.25,2128765662.9999974
09:27:50 AM,1196.1,0,0.0,2128765662.9999974
09:27:50 AM,1196.15,359,429417.85000000003,2129195080.8499973
09:27:51 AM,1196.45,0,0.0,2129195080.8499973
09:27:51 AM,1196.45,88,105287.6,2129300368.4499972
09:27:52 AM,1196.45,784,938016.8,2130238385.2499971
09:27:53 AM,1196.15,0,0.0,2130238385.2499971
09:27:53 AM,1196.15,26,31099.9,2130269485.1499972
09:27:53 AM,1196.25,3,3588.75,2130273073.8999972
09:27:54 AM,1196.15,0,0.0,2130273073.8999972
09:27:54 AM,1196.15,111,132772.65000000002,2130405846.5499973
09:27:54 AM,1196.25,5,5981.25,2130411827.7999973
09:27:55 AM,1195.85,0,0.0,2130411827.7999973
09:27:55 AM,1196.35,140,167489.0,2130579316.7999973
09:27:55 AM,1196.35,1,1196.35,2130580513.1499972
09:27:56 AM,1196.15,0,0.0,2130580513.1499972
09:27:56 AM,1196.15,87,104065.05,2130684578.1999972
09:27:57 AM,1196.15,108,129184.20000000001,2130813762.3999972
09:27:57 AM,1196.15,50,59807.50000000001,2130873569.8999972
09:27:58 AM,1195.7,0,0.0,2130873569.8999972
09:27:58 AM,1196.15,19,22726.850000000002,2130896296.7499971
09:27:58 AM,1195.7,5,5978.5,2130902275.2499971
09:27:59 AM,1195.95,0,0.0,2130902275.2499971
09:27:59 AM,1195.95,71,84912.45,2130987187.6999972
09:27:59 AM,1195.7,10,11957.0,2130999144.6999972
09:28:00 AM,1195.95,0,0.0,2130999144.6999972
09:28:00 AM,1195.7,114,136309.80000000002,2131135454.4999971
09:28:01 AM,1195.9,0,0.0,2131135454.4999971
09:28:01 AM,1195.9,1,1195.9,2131136650.3999972
09:28:02 AM,1195.7,0,0.0,2131136650.3999972
09:28:02 AM,1195.7,115,137505.5,2131274155.8999972
09:28:02 AM,1195.75,304,363508.0,2131637663.8999972
09:28:03 AM,1195.8,0,0.0,2131637663.8999972
09:28:03 AM,1195.85,102,121976.7,2131759640.5999973
09:28:03 AM,1195.8,0,0.0,2131759640.5999973
09:28:03 AM,1195.7,285,340774.5,2132100415.0999973
09:28:04 AM,1195.5,0,0.0,2132100415.0999973
09:28:04 AM,1195.6,249,297704.39999999997,2132398119.4999974
09:28:04 AM,1195.4,20,23908.0,2132422027.4999974
09:28:05 AM,1195.55,0,0.0,2132422027.4999974
09:28:05 AM,1195.55,285,340731.75,2132762759.2499974
09:28:05 AM,1195.6,5,5978.0,2132768737.2499974
09:28:06 AM,1195.45,0,0.0,2132768737.2499974
09:28:06 AM,1195.45,72,86072.40000000001,2132854809.6499975
09:28:06 AM,1195.0,0,0.0,2132854809.6499975
09:28:06 AM,1195.0,4,4780.0,2132859589.6499975
09:28:07 AM,1195.45,0,0.0,2132859589.6499975
09:28:07 AM,1195.45,216,258217.2,2133117806.8499975
09:28:07 AM,1195.35,165,197232.74999999997,2133315039.5999975
09:28:08 AM,1195.5,0,0.0,2133315039.5999975
09:28:08 AM,1195.5,264,315612.0,2133630651.5999975
09:28:09 AM,1195.65,0,0.0,2133630651.5999975
09:28:09 AM,1195.65,31,37065.15,2133667716.7499976
09:28:10 AM,1195.5,0,0.0,2133667716.7499976
09:28:10 AM,1195.5,47,56188.5,2133723905.2499976
09:28:10 AM,1195.65,0,0.0,2133723905.2499976
09:28:10 AM,1195.65,4,4782.6,2133728687.8499975
09:28:10 AM,1195.2,50,59760.0,2133788447.8499975
09:28:11 AM,1195.55,3169,3788697.9499999997,2137577145.7999976
09:28:12 AM,1195.8,10,11958.0,2137589103.7999976
09:28:12 AM,1196.0,111,132756.0,2137721859.7999976
09:28:13 AM,1195.8,0,0.0,2137721859.7999976
