date,price,qty,trnvr,cum_trnvr
09:15:00 AM,1683.0,7851,13213233.0,13213233.0
09:15:02 AM,1682.35,0,0.0,13213233.0
09:15:02 AM,1682.35,63,105988.04999999999,13319221.05
09:15:04 AM,1684.45,0,0.0,13319221.05
09:15:06 AM,1683.2,0,0.0,13319221.05
09:15:07 AM,1681.2,0,0.0,13319221.05
09:15:08 AM,1682.5,2463,4143997.5,17463218.55
09:15:12 AM,1682.2,0,0.0,17463218.55
09:15:13 AM,1683.05,0,0.0,17463218.55
09:15:13 AM,1681.75,0,0.0,17463218.55
09:15:14 AM,1681.75,531,893009.25,18356227.8
09:15:15 AM,1681.0,0,0.0,18356227.8
09:15:16 AM,1681.05,0,0.0,18356227.8
09:15:16 AM,1681.05,1827,3071278.35,21427506.150000002
09:15:17 AM,1679.1,0,0.0,21427506.150000002
09:15:18 AM,1680.5,0,0.0,21427506.150000002
09:15:19 AM,1681.2,974,1637488.8,23064994.950000003
09:15:20 AM,1681.35,0,0.0,23064994.950000003
09:15:21 AM,1682.25,1239,2084307.75,25149302.700000003
09:15:22 AM,1680.9,0,0.0,25149302.700000003
09:15:23 AM,1680.4,0,0.0,25149302.700000003
09:15:23 AM,1680.0,0,0.0,25149302.700000003
09:15:24 AM,1680.0,2970,4989600.0,30138902.700000003
09:15:25 AM,1678.65,0,0.0,30138902.700000003
09:15:25 AM,1680.05,0,0.0,30138902.700000003
09:15:25 AM,1680.05,857,1439802.8499999999,31578705.550000004
09:15:26 AM,1680.15,0,0.0,31578705.550000004
09:15:27 AM,1679.3,0,0.0,31578705.550000004
09:15:28 AM,1679.3,259,434938.7,32013644.250000004
09:15:29 AM,1678.8,0,0.0,32013644.250000004
09:15:30 AM,1679.75,964,1619279.0,33632923.25
09:15:30 AM,1678.4,0,0.0,33632923.25
09:15:32 AM,1679.55,0,0.0,33632923.25
09:15:33 AM,1679.1,849,1425555.9,35058479.15
09:15:33 AM,1679.0,0,0.0,35058479.15
09:15:34 AM,1679.0,336,564144.0,35622623.15
09:15:37 AM,1678.65,40,67146.0,35689769.15
09:15:37 AM,1678.5,0,0.0,35689769.15
09:15:38 AM,1678.0,0,0.0,35689769.15
09:15:38 AM,1678.55,0,0.0,35689769.15
09:15:38 AM,1678.55,209,350816.95,36040586.1
09:15:39 AM,1678.5,0,0.0,36040586.1
09:15:40 AM,1678.0,0,0.0,36040586.1
09:15:40 AM,1678.95,0,0.0,36040586.1
09:15:41 AM,1679.0,0,0.0,36040586.1
09:15:41 AM,1679.0,552,926808.0,36967394.1
09:15:41 AM,1676.55,0,0.0,36967394.1
09:15:42 AM,1677.05,0,0.0,36967394.1
09:15:42 AM,1675.6,4461,7474851.6,44442245.7
09:15:44 AM,1675.55,0,0.0,44442245.7
09:15:44 AM,1675.0,0,0.0,44442245.7
09:15:44 AM,1675.55,0,0.0,44442245.7
09:15:45 AM,1675.55,443,742268.65,45184514.35
09:15:46 AM,1675.1,0,0.0,45184514.35
09:15:47 AM,1677.2,599,1004642.8,46189157.15
09:15:47 AM,1676.2,0,0.0,46189157.15
09:15:48 AM,1675.8,0,0.0,46189157.15
09:15:48 AM,1677.15,0,0.0,46189157.15
09:15:48 AM,1676.45,0,0.0,46189157.15
09:15:49 AM,1677.15,0,0.0,46189157.15
09:15:50 AM,1677.15,1393,2336269.95,48525427.1
09:15:51 AM,1675.85,0,0.0,48525427.1
09:15:51 AM,1676.55,14,23471.7,48548898.800000004
09:15:52 AM,1676.4,0,0.0,48548898.800000004
09:15:53 AM,1676.2,0,0.0,48548898.800000004
09:15:53 AM,1675.85,0,0.0,48548898.800000004
09:15:53 AM,1675.6,0,0.0,48548898.800000004
09:15:54 AM,1675.75,818,1370763.5,49919662.300000004
09:15:56 AM,1676.6,0,0.0,49919662.300000004
09:15:56 AM,1675.1,0,0.0,49919662.300000004
09:15:57 AM,1675.3,0,0.0,49919662.300000004
09:15:58 AM,1675.4,0,0.0,49919662.300000004
09:15:59 AM,1675.4,637,1067229.8,50986892.1
09:15:59 AM,1676.45,0,0.0,50986892.1
09:15:59 AM,1675.5,0,0.0,50986892.1
09:16:00 AM,1676.4,359,601827.6,51588719.7
09:16:00 AM,1676.45,0,0.0,51588719.7
09:16:01 AM,1675.2,0,0.0,51588719.7
09:16:02 AM,1676.3,0,0.0,51588719.7
09:16:03 AM,1676.3,666,1116415.8,52705135.5
09:16:03 AM,1676.45,0,0.0,52705135.5
09:16:04 AM,1676.4,0,0.0,52705135.5
09:16:04 AM,1676.4,101,169316.40000000002,52874451.9
09:16:04 AM,1675.4,0,0.0,52874451.9
09:16:05 AM,1675.45,0,0.0,52874451.9
09:16:06 AM,1675.65,0,0.0,52874451.9
09:16:06 AM,1675.15,0,0.0,52874451.9
09:16:07 AM,1675.05,2840,4757142.0,57631593.9
09:16:08 AM,1674.0,0,0.0,57631593.9
09:16:08 AM,1674.0,558,934092.0,58565685.9
09:16:09 AM,1675.05,0,0.0,58565685.9
09:16:10 AM,1674.0,0,0.0,58565685.9
09:16:10 AM,1673.85,0,0.0,58565685.9
09:16:11 AM,1673.5,392,656012.0,59221697.9
09:16:13 AM,1673.3,0,0.0,59221697.9
09:16:13 AM,1673.3,99,165656.69999999998,59387354.6
09:16:13 AM,1673.4,0,0.0,59387354.6
09:16:13 AM,1673.4,20,33468.0,59420822.6
09:16:14 AM,1673.35,200,334670.0,59755492.6
09:16:14 AM,1675.4,0,0.0,59755492.6
09:16:14 AM,1675.4,3783,6338038.2,66093530.800000004
09:16:16 AM,1676.95,0,0.0,66093530.800000004
09:16:16 AM,1676.95,1,1676.95,66095207.75000001
09:16:16 AM,1675.4,0,0.0,66095207.75000001
09:16:16 AM,1675.4,1221,2045663.4000000001,68140871.15
09:16:17 AM,1675.4,3,5026.200000000001,68145897.35000001
09:16:17 AM,1675.4,56,93822.40000000001,68239719.75000001
09:16:18 AM,1676.75,50,83837.5,68323557.25000001
09:16:18 AM,1675.3,0,0.0,68323557.25000001
09:16:18 AM,1675.3,274,459032.2,68782589.45000002
09:16:19 AM,1675.4,1925,3225145.0,72007734.45000002
09:16:20 AM,1675.4,586,981784.4,72989518.85000002
09:16:22 AM,1675.45,119,199378.55000000002,73188897.40000002
09:16:23 AM,1675.5,0,0.0,73188897.40000002
09:16:23 AM,1675.5,1,1675.5,73190572.90000002
09:16:24 AM,1675.2,501,839275.2000000001,74029848.10000002
09:16:24 AM,1676.1,0,0.0,74029848.10000002
09:16:24 AM,1676.1,289,484392.89999999997,74514241.00000003
09:16:25 AM,1676.3,20,33526.0,74547767.00000003
09:16:26 AM,1674.75,0,0.0,74547767.00000003
09:16:26 AM,1674.75,532,890967.0,75438734.00000003
09:16:27 AM,1674.4,10,16744.0,75455478.00000003
09:16:28 AM,1675.1,0,0.0,75455478.00000003
09:16:28 AM,1675.1,2,3350.2,75458828.20000003
09:16:32 AM,1676.15,0,0.0,75458828.20000003
09:16:32 AM,1675.7,1227,2056083.9000000001,77514912.10000004
09:16:33 AM,1676.2,269,450897.8,77965809.90000004
09:16:33 AM,1675.95,0,0.0,77965809.90000004
09:16:33 AM,1675.95,270,452506.5,78418316.40000004
09:16:34 AM,1676.2,0,0.0,78418316.40000004
09:16:34 AM,1676.2,82,137448.4,78555764.80000004
09:16:34 AM,1675.8,0,0.0,78555764.80000004
09:16:35 AM,1675.95,1228,2058066.6,80613831.40000004
09:16:36 AM,1675.5,2396,4014498.0,84628329.40000004
09:16:36 AM,1675.95,0,0.0,84628329.40000004
09:16:36 AM,1675.95,26,43574.700000000004,84671904.10000004
09:16:37 AM,1676.4,71,119024.40000000001,84790928.50000004
09:16:37 AM,1676.5,0,0.0,84790928.50000004
09:16:37 AM,1676.5,45,75442.5,84866371.00000004
09:16:38 AM,1675.95,250,418987.5,85285358.50000004
09:16:39 AM,1676.85,556,932328.6,86217687.10000004
09:16:39 AM,1676.55,0,0.0,86217687.10000004
09:16:39 AM,1676.55,175,293396.25,86511083.35000004
09:16:40 AM,1675.95,230,385468.5,86896551.85000004
09:16:40 AM,1675.8,0,0.0,86896551.85000004
09:16:40 AM,1675.8,431,722269.7999999999,87618821.65000004
09:16:41 AM,1676.2,1,1676.2,87620497.85000004
09:16:41 AM,1675.9,0,0.0,87620497.85000004
09:16:41 AM,1675.9,48,80443.20000000001,87700941.05000004
09:16:42 AM,1675.4,0,0.0,87700941.05000004
09:16:42 AM,1675.4,441,738851.4,88439792.45000005
09:16:43 AM,1676.15,92,154205.80000000002,88593998.25000004
09:16:43 AM,1676.4,0,0.0,88593998.25000004
09:16:43 AM,1675.8,31,51949.799999999996,88645948.05000004
09:16:44 AM,1676.55,2,3353.1,88649301.15000004
09:16:45 AM,1676.55,150,251482.5,88900783.65000004
09:16:45 AM,1676.55,5,8382.75,88909166.40000004
09:16:46 AM,1676.2,28,46933.6,88956100.00000003
09:16:47 AM,1675.95,43,72065.85,89028165.85000002
09:16:47 AM,1675.95,24,40222.8,89068388.65000002
09:16:48 AM,1675.8,125,209475.0,89277863.65000002
09:16:48 AM,1675.4,0,0.0,89277863.65000002
09:16:48 AM,1675.4,34,56963.600000000006,89334827.25000001
09:16:49 AM,1676.1,0,0.0,89334827.25000001
09:16:49 AM,1676.1,113,189399.3,89524226.55000001
09:16:50 AM,1675.95,2,3351.9,89527578.45000002
09:16:50 AM,1676.05,0,0.0,89527578.45000002
09:16:50 AM,1676.05,1832,3070523.6,92598102.05000001
09:16:51 AM,1676.5,54,90531.0,92688633.05000001
09:16:51 AM,1676.45,0,0.0,92688633.05000001
09:16:51 AM,1676.45,900,1508805.0,94197438.05000001
09:16:52 AM,1676.85,0,0.0,94197438.05000001
09:16:52 AM,1678.1,139,233255.9,94430693.95000002
09:16:53 AM,1677.2,0,0.0,94430693.95000002
09:16:53 AM,1677.2,6,10063.2,94440757.15000002
09:16:55 AM,1677.45,0,0.0,94440757.15000002
09:16:55 AM,1677.45,144,241552.80000000002,94682309.95000002
09:16:56 AM,1677.35,421,706164.35,95388474.30000001
09:16:56 AM,1677.35,4,6709.4,95395183.70000002
09:16:58 AM,1676.7,0,0.0,95395183.70000002
09:16:58 AM,1676.5,0,0.0,95395183.70000002
09:16:58 AM,1676.5,292,489538.0,95884721.70000002
09:16:59 AM,1676.95,72,120740.40000000001,96005462.10000002
09:16:59 AM,1677.4,0,0.0,96005462.10000002
09:16:59 AM,1677.4,1,1677.4,96007139.50000003
09:17:00 AM,1676.9,99,166013.1,96173152.60000002
09:17:01 AM,1676.7,85,142519.5,96315672.10000002
09:17:02 AM,1676.5,69,115678.5,96431350.60000002
09:17:03 AM,1676.4,87,145846.80000000002,96577197.40000002
09:17:03 AM,1675.25,190,318297.5,96895494.90000002
09:17:04 AM,1676.35,0,0.0,96895494.90000002
09:17:04 AM,1676.35,25,41908.75,96937403.65000002
09:17:05 AM,1675.45,85,142413.25,97079816.90000002
09:17:06 AM,1676.3,30,50289.0,97130105.90000002
09:17:07 AM,1675.0,400,670000.0,97800105.90000002
09:17:07 AM,1675.1,60,100506.0,97900611.90000002
09:17:08 AM,1675.1,75,125632.5,98026244.40000002
09:17:10 AM,1675.9,0,0.0,98026244.40000002
09:17:10 AM,1675.95,205,343569.75,98369814.15000002
09:17:10 AM,1676.9,0,0.0,98369814.15000002
09:17:10 AM,1676.9,620,1039678.0,99409492.15000002
09:17:11 AM,1676.9,38,63722.200000000004,99473214.35000002
09:17:11 AM,1676.9,46,77137.40000000001,99550351.75000003
09:17:13 AM,1677.2,0,0.0,99550351.75000003
09:17:13 AM,1677.2,401,672557.2000000001,100222908.95000003
09:17:14 AM,1677.85,288,483220.8,100706129.75000003
09:17:15 AM,1678.45,307,515284.15,101221413.90000004
09:17:15 AM,1677.9,42,70471.8,101291885.70000003
09:17:15 AM,1678.9,0,0.0,101291885.70000003
09:17:16 AM,1677.7,1464,2456152.8000000003,103748038.50000003
09:17:17 AM,1678.45,1,1678.45,103749716.95000003
09:17:17 AM,1678.7,133,223267.1,103972984.05000003
09:17:17 AM,1678.0,0,0.0,103972984.05000003
09:17:18 AM,1678.0,2,3356.0,103976340.05000003
09:17:19 AM,1678.2,0,0.0,103976340.05000003
09:17:19 AM,1678.25,191,320545.75,104296885.80000003
09:17:19 AM,1678.05,162,271844.1,104568729.90000002
09:17:20 AM,1679.1,12,20149.199999999997,104588879.10000002
09:17:20 AM,1679.4,0,0.0,104588879.10000002
09:17:21 AM,1679.6,407,683597.2,105272476.30000003
09:17:21 AM,1678.9,102,171247.80000000002,105443724.10000002
09:17:22 AM,1678.75,51,85616.25,105529340.35000002
09:17:23 AM,1678.75,15,25181.25,105554521.60000002
09:17:23 AM,1678.5,290,486765.0,106041286.60000002
09:17:24 AM,1678.5,2,3357.0,106044643.60000002
09:17:24 AM,1679.05,100,167905.0,106212548.60000002
09:17:25 AM,1679.5,57,95731.5,106308280.10000002
09:17:25 AM,1680.0,337,566160.0,106874440.10000002
09:17:26 AM,1679.5,1,1679.5,106876119.60000002
09:17:26 AM,1679.75,0,0.0,106876119.60000002
09:17:27 AM,1679.55,329,552571.95,107428691.55000003
09:17:27 AM,1679.75,78,131020.5,107559712.05000003
09:17:28 AM,1680.35,3,5041.049999999999,107564753.10000002
09:17:29 AM,1680.35,4,6721.4,107571474.50000003
09:17:29 AM,1679.5,162,272079.0,107843553.50000003
09:17:30 AM,1679.5,98,164591.0,108008144.50000003
09:17:31 AM,1679.5,164,275438.0,108283582.50000003
09:17:32 AM,1679.0,0,0.0,108283582.50000003
09:17:32 AM,1679.0,500,839500.0,109123082.50000003
09:17:33 AM,1679.5,0,0.0,109123082.50000003
09:17:33 AM,1679.5,40,67180.0,109190262.50000003
09:17:33 AM,1678.45,250,419612.5,109609875.00000003
09:17:34 AM,1679.6,1,1679.6,109611554.60000002
09:17:34 AM,1678.9,255,428119.5,110039674.10000002
09:17:35 AM,1678.75,144,241740.0,110281414.10000002
09:17:35 AM,1679.9,0,0.0,110281414.10000002
09:17:35 AM,1679.5,0,0.0,110281414.10000002
09:17:36 AM,1679.95,125,209993.75,110491407.85000002
09:17:37 AM,1679.75,1051,1765417.25,112256825.10000002
09:17:39 AM,1679.75,859,1442905.25,113699730.35000002
09:17:39 AM,1679.8,1,1679.8,113701410.15000002
09:17:40 AM,1679.8,48,80630.4,113782040.55000003
09:17:40 AM,1680.35,1438,2416343.3,116198383.85000002
09:17:42 AM,1680.15,0,0.0,116198383.85000002
09:17:42 AM,1680.15,171,287305.65,116485689.50000003
09:17:42 AM,1680.15,319,535967.85,117021657.35000002
09:17:43 AM,1680.0,160,268800.0,117290457.35000002
09:17:43 AM,1680.0,71,119280.0,117409737.35000002
09:17:43 AM,1680.15,0,0.0,117409737.35000002
09:17:44 AM,1680.85,353,593340.0499999999,118003077.40000002
09:17:45 AM,1681.2,1577,2651252.4,120654329.80000003
09:17:46 AM,1681.45,3,5044.35,120659374.15000002
09:17:46 AM,1680.45,211,354574.95,121013949.10000002
09:17:46 AM,1680.75,0,0.0,121013949.10000002
09:17:47 AM,1680.75,2,3361.5,121017310.60000002
09:17:49 AM,1680.75,182,305896.5,121323207.10000002
09:17:50 AM,1681.35,5,8406.75,121331613.85000002
09:17:50 AM,1680.75,186,312619.5,121644233.35000002
09:17:51 AM,1680.35,440,739354.0,122383587.35000002
09:17:51 AM,1680.5,768,1290624.0,123674211.35000002
09:17:52 AM,1680.5,698,1172989.0,124847200.35000002
09:17:53 AM,1680.1,93,156249.3,125003449.65000002
09:17:53 AM,1680.6,40,67224.0,125070673.65000002
09:17:54 AM,1680.25,299,502394.75,125573068.40000002
09:17:55 AM,1679.95,803,1348999.85,126922068.25000001
09:17:55 AM,1680.95,163,273994.85000000003,127196063.10000001
09:17:56 AM,1679.75,0,0.0,127196063.10000001
09:17:57 AM,1679.6,200,335920.0,127531983.10000001
09:17:57 AM,1679.75,42,70549.5,127602532.60000001
09:18:00 AM,1679.1,0,0.0,127602532.60000001
09:18:00 AM,1679.45,564,947209.8,128549742.4
09:18:00 AM,1679.45,116,194816.2,128744558.60000001
09:18:01 AM,1679.25,65,109151.25,128853709.85000001
09:18:01 AM,1679.75,0,0.0,128853709.85000001
09:18:02 AM,1679.75,183,307394.25,129161104.10000001
09:18:02 AM,1680.7,886,1489100.2,130650204.30000001
09:18:03 AM,1680.25,67,112576.75,130762781.05000001
09:18:03 AM,1680.2,87,146177.4,130908958.45000002
09:18:05 AM,1679.75,0,0.0,130908958.45000002
09:18:05 AM,1679.75,45,75588.75,130984547.20000002
09:18:05 AM,1679.4,0,0.0,130984547.20000002
09:18:06 AM,1679.4,203,340918.2,131325465.40000002
09:18:07 AM,1679.4,170,285498.0,131610963.40000002
09:18:07 AM,1679.25,0,0.0,131610963.40000002
09:18:08 AM,1678.4,1067,1790852.8,133401816.20000002
09:18:09 AM,1679.25,0,0.0,133401816.20000002
09:18:10 AM,1679.25,133,223340.25,133625156.45000002
09:18:10 AM,1679.35,63,105799.04999999999,133730955.50000001
09:18:11 AM,1679.25,0,0.0,133730955.50000001
09:18:12 AM,1678.65,222,372660.30000000005,134103615.80000001
09:18:12 AM,1679.4,0,0.0,134103615.80000001
09:18:13 AM,1679.4,30,50382.0,134153997.80000001
09:18:14 AM,1679.55,0,0.0,134153997.80000001
09:18:14 AM,1679.55,438,735642.9,134889640.70000002
09:18:14 AM,1679.3,76,127626.8,135017267.50000003
09:18:15 AM,1679.3,108,181364.4,135198631.90000004
09:18:15 AM,1680.0,0,0.0,135198631.90000004
09:18:16 AM,1679.4,102,171298.80000000002,135369930.70000005
09:18:17 AM,1679.55,0,0.0,135369930.70000005
09:18:18 AM,1679.95,53,89037.35,135458968.05000004
09:18:19 AM,1679.55,32,53745.6,135512713.65000004
09:18:20 AM,1679.55,7,11756.85,135524470.50000003
09:18:20 AM,1679.25,161,270359.25,135794829.75000003
09:18:20 AM,1680.6,0,0.0,135794829.75000003
09:18:21 AM,1680.6,756,1270533.5999999999,137065363.35000002
09:18:21 AM,1680.0,60,100800.0,137166163.35000002
09:18:21 AM,1679.95,0,0.0,137166163.35000002
09:18:22 AM,1679.95,12,20159.4,137186322.75000003
09:18:22 AM,1679.65,0,0.0,137186322.75000003
09:18:22 AM,1679.65,164,275462.60000000003,137461785.35000002
09:18:23 AM,1680.3,21,35286.299999999996,137497071.65000004
09:18:25 AM,1680.0,0,0.0,137497071.65000004
09:18:26 AM,1680.0,10,16800.0,137513871.65000004
09:18:27 AM,1679.55,0,0.0,137513871.65000004
09:18:27 AM,1679.55,101,169634.55,137683506.20000005
09:18:28 AM,1680.1,0,0.0,137683506.20000005
09:18:29 AM,1679.65,0,0.0,137683506.20000005
09:18:29 AM,1679.65,192,322492.80000000005,138005999.00000006
09:18:29 AM,1679.15,0,0.0,138005999.00000006
09:18:30 AM,1679.15,152,255230.80000000002,138261229.80000007
09:18:30 AM,1679.45,47,78934.15000000001,138340163.95000008
09:18:30 AM,1681.0,0,0.0,138340163.95000008
09:18:31 AM,1680.55,1140,1915827.0,140255990.95000008
09:18:31 AM,1680.6,43,72265.8,140328256.7500001
09:18:33 AM,1680.6,3,5041.799999999999,140333298.5500001
09:18:33 AM,1680.75,412,692469.0,141025767.5500001
09:18:34 AM,1681.75,0,0.0,141025767.5500001
09:18:34 AM,1681.7,0,0.0,141025767.5500001
09:18:35 AM,1681.6,89,149662.4,141175429.9500001
09:18:35 AM,1681.05,77,129440.84999999999,141304870.8000001
09:18:35 AM,1681.6,0,0.0,141304870.8000001
09:18:36 AM,1681.6,25,42040.0,141346910.8000001
09:18:36 AM,1680.8,160,268928.0,141615838.8000001
09:18:37 AM,1681.9,900,1513710.0,143129548.8000001
09:18:37 AM,1680.85,0,0.0,143129548.8000001
09:18:38 AM,1680.85,111,186574.34999999998,143316123.1500001
09:18:40 AM,1680.85,32,53787.2,143369910.35000008
09:18:41 AM,1680.85,80,134468.0,143504378.35000008
09:18:42 AM,1680.95,106,178180.7,143682559.05000007
09:18:42 AM,1680.85,0,0.0,143682559.05000007
09:18:43 AM,1680.85,92,154638.19999999998,143837197.25000006
09:18:44 AM,1681.05,146,245433.3,144082630.55000007
09:18:44 AM,1679.95,143,240232.85,144322863.40000007
09:18:45 AM,1680.6,2,3361.2,144326224.60000005
09:18:46 AM,1680.6,331,556278.6,144882503.20000005
09:18:46 AM,1680.85,1000,1680850.0,146563353.20000005
09:18:48 AM,1680.55,15,25208.25,146588561.45000005
09:18:48 AM,1680.75,0,0.0,146588561.45000005
09:18:49 AM,1680.8,0,0.0,146588561.45000005
09:18:49 AM,1680.8,94,157995.19999999998,146746556.65000004
09:18:49 AM,1679.95,88,147835.6,146894392.25000003
09:18:50 AM,1680.15,27,45364.05,146939756.30000004
09:18:50 AM,1680.6,93,156295.8,147096052.10000005
09:18:51 AM,1679.5,0,0.0,147096052.10000005
09:18:52 AM,1679.5,227,381246.5,147477298.60000005
09:18:52 AM,1679.25,187,314019.75,147791318.35000005
09:18:52 AM,1679.95,0,0.0,147791318.35000005
09:18:53 AM,1678.95,1156,1940866.2,149732184.55000004
09:18:53 AM,1679.05,126,211560.3,149943744.85000005
09:18:54 AM,1679.1,10,16791.0,149960535.85000005
09:18:54 AM,1678.65,0,0.0,149960535.85000005
09:18:55 AM,1677.9,167,280209.3,150240745.15000007
09:18:56 AM,1677.9,2,3355.8,150244100.95000008
09:18:56 AM,1678.25,54,90625.5,150334726.45000008
09:18:58 AM,1678.3,0,0.0,150334726.45000008
09:18:58 AM,1678.3,137,229927.1,150564653.55000007
09:18:59 AM,1677.2,0,0.0,150564653.55000007
09:18:59 AM,1677.2,256,429363.2,150994016.75000006
09:18:59 AM,1677.25,0,0.0,150994016.75000006
09:18:59 AM,1677.4,395,662573.0,151656589.75000006
09:19:00 AM,1677.15,557,934172.55,152590762.30000007
09:19:00 AM,1677.4,0,0.0,152590762.30000007
09:19:00 AM,1678.05,709,1189737.45,153780499.75000006
09:19:01 AM,1678.3,121,203074.3,153983574.05000007
09:19:01 AM,1677.8,0,0.0,153983574.05000007
09:19:01 AM,1677.75,66,110731.5,154094305.55000007
09:19:02 AM,1677.55,0,0.0,154094305.55000007
09:19:03 AM,1677.55,31,52004.049999999996,154146309.60000008
09:19:03 AM,1677.25,19,31867.75,154178177.35000008
09:19:03 AM,1677.8,0,0.0,154178177.35000008
09:19:04 AM,1677.1,0,0.0,154178177.35000008
09:19:04 AM,1677.1,476,798299.6,154976476.95000008
09:19:04 AM,1676.7,97,162639.9,155139116.85000008
09:19:04 AM,1676.6,0,0.0,155139116.85000008
09:19:05 AM,1676.7,0,0.0,155139116.85000008
09:19:05 AM,1676.7,95,159286.5,155298403.35000008
09:19:06 AM,1675.7,229,383735.3,155682138.6500001
09:19:07 AM,1676.5,0,0.0,155682138.6500001
09:19:07 AM,1676.8,571,957452.7999999999,156639591.4500001
09:19:07 AM,1677.15,0,0.0,156639591.4500001
09:19:07 AM,1677.15,8,13417.2,156653008.6500001
09:19:08 AM,1676.55,625,1047843.75,157700852.4000001
09:19:08 AM,1677.15,56,93920.40000000001,157794772.8000001
09:19:09 AM,1677.7,1000,1677700.0,159472472.8000001
09:19:10 AM,1678.0,5,8390.0,159480862.8000001
09:19:11 AM,1677.35,102,171089.69999999998,159651952.5000001
09:19:11 AM,1676.85,0,0.0,159651952.5000001
09:19:12 AM,1676.85,104,174392.4,159826344.9000001
09:19:14 AM,1676.0,0,0.0,159826344.9000001
09:19:14 AM,1676.8,694,1163699.2,160990044.10000008
09:19:16 AM,1677.1,0,0.0,160990044.10000008
09:19:16 AM,1677.1,44,73792.4,161063836.5000001
09:19:16 AM,1677.15,0,0.0,161063836.5000001
09:19:17 AM,1677.15,536,898952.4,161962788.9000001
09:19:18 AM,1678.45,0,0.0,161962788.9000001
09:19:19 AM,1677.45,159,266714.55,162229503.4500001
09:19:19 AM,1677.15,0,0.0,162229503.4500001
09:19:20 AM,1677.15,281,471279.15,162700782.6000001
09:19:21 AM,1677.35,0,0.0,162700782.6000001
09:19:22 AM,1677.35,235,394177.25,163094959.8500001
09:19:22 AM,1677.15,0,0.0,163094959.8500001
09:19:23 AM,1677.75,0,0.0,163094959.8500001
09:19:23 AM,1677.75,83,139253.25,163234213.1000001
09:19:24 AM,1677.6,0,0.0,163234213.1000001
09:19:25 AM,1677.7,60,100662.0,163334875.1000001
09:19:26 AM,1676.85,0,0.0,163334875.1000001
09:19:27 AM,1676.8,0,0.0,163334875.1000001
09:19:28 AM,1676.8,104,174387.19999999998,163509262.3000001
09:19:29 AM,1677.15,0,0.0,163509262.3000001
09:19:29 AM,1677.15,464,778197.6000000001,164287459.9000001
09:19:30 AM,1677.2,103,172751.6,164460211.5000001
09:19:34 AM,1677.15,0,0.0,164460211.5000001
09:19:34 AM,1677.15,268,449476.2,164909687.70000008
09:19:34 AM,1677.2,0,0.0,164909687.70000008
09:19:34 AM,1677.2,3,5031.6,164914719.30000007
09:19:35 AM,1677.15,269,451153.35000000003,165365872.65000007
09:19:37 AM,1677.15,269,451153.35000000003,165817026.00000006
09:19:38 AM,1677.5,0,0.0,165817026.00000006
09:19:38 AM,1677.5,46,77165.0,165894191.00000006
09:19:39 AM,1677.65,0,0.0,165894191.00000006
09:19:39 AM,1677.65,94,157699.1,166051890.10000005
09:19:41 AM,1677.5,0,0.0,166051890.10000005
09:19:41 AM,1677.65,0,0.0,166051890.10000005
09:19:41 AM,1677.65,93,156021.45,166207911.55000004
09:19:42 AM,1677.65,185,310365.25,166518276.80000004
09:19:43 AM,1677.8,46,77178.8,166595455.60000005
09:19:44 AM,1677.8,46,77178.8,166672634.40000007
09:19:45 AM,1677.8,47,78856.59999999999,166751491.00000006
09:19:46 AM,1677.8,10,16778.0,166768269.00000006
09:19:47 AM,1677.25,0,0.0,166768269.00000006
09:19:48 AM,1677.25,78,130825.5,166899094.50000006
09:19:49 AM,1677.25,1,1677.25,166900771.75000006
09:19:49 AM,1677.2,0,0.0,166900771.75000006
09:19:50 AM,1677.2,1,1677.2,166902448.95000005
09:19:50 AM,1677.8,0,0.0,166902448.95000005
09:19:51 AM,1677.8,5,8389.0,166910837.95000005
09:19:51 AM,1676.95,0,0.0,166910837.95000005
09:19:52 AM,1676.7,972,1629752.4000000001,168540590.35000005
09:19:53 AM,1677.15,394,660797.1000000001,169201387.45000005
09:19:55 AM,1677.25,0,0.0,169201387.45000005
09:19:55 AM,1677.25,89,149275.25,169350662.70000005
09:19:57 AM,1677.05,131,219693.55,169570356.25000006
09:19:58 AM,1677.0,0,0.0,169570356.25000006
09:19:59 AM,1677.0,39,65403.0,169635759.25000006
09:19:59 AM,1676.95,131,219680.45,169855439.70000005
09:20:00 AM,1677.3,0,0.0,169855439.70000005
09:20:00 AM,1677.3,62,103992.59999999999,169959432.30000004
09:20:01 AM,1676.65,21,35209.65,169994641.95000005
09:20:02 AM,1676.55,43,72091.65,170066733.60000005
09:20:03 AM,1676.55,82,137477.1,170204210.70000005
09:20:03 AM,1676.55,139,233040.44999999998,170437251.15000004
09:20:04 AM,1676.5,83,139149.5,170576400.65000004
09:20:04 AM,1676.5,8,13412.0,170589812.65000004
09:20:05 AM,1676.2,24,40228.8,170630041.45000005
09:20:06 AM,1676.6,13,21795.8,170651837.25000006
09:20:07 AM,1676.0,146,244696.0,170896533.25000006
09:20:08 AM,1675.95,0,0.0,170896533.25000006
09:20:09 AM,1675.95,139,232957.05000000002,171129490.30000007
09:20:09 AM,1675.65,59,98863.35,171228353.65000007
09:20:11 AM,1675.65,6,10053.900000000001,171238407.55000007
09:20:11 AM,1675.7,0,0.0,171238407.55000007
09:20:12 AM,1675.8,0,0.0,171238407.55000007
09:20:14 AM,1675.8,254,425653.2,171664060.75000006
09:20:15 AM,1675.85,0,0.0,171664060.75000006
09:20:15 AM,1675.9,166,278199.4,171942260.15000007
09:20:17 AM,1675.85,0,0.0,171942260.15000007
09:20:19 AM,1675.85,183,306680.55,172248940.70000008
09:20:21 AM,1675.85,138,231267.3,172480208.0000001
09:20:21 AM,1675.9,0,0.0,172480208.0000001
09:20:23 AM,1675.7,0,0.0,172480208.0000001
09:20:24 AM,1675.5,0,0.0,172480208.0000001
09:20:24 AM,1675.5,551,923200.5,173403408.5000001
09:20:26 AM,1675.05,0,0.0,173403408.5000001
09:20:26 AM,1675.05,12,20100.6,173423509.10000008
09:20:27 AM,1675.1,0,0.0,173423509.10000008
09:20:27 AM,1675.05,0,0.0,173423509.10000008
09:20:29 AM,1675.2,0,0.0,173423509.10000008
09:20:30 AM,1675.65,0,0.0,173423509.10000008
09:20:30 AM,1675.65,368,616639.2000000001,174040148.30000007
09:20:31 AM,1675.25,70,117267.5,174157415.80000007
09:20:34 AM,1675.65,0,0.0,174157415.80000007
09:20:35 AM,1675.35,373,624905.5499999999,174782321.35000008
09:20:37 AM,1675.45,0,0.0,174782321.35000008
09:20:37 AM,1675.45,130,217808.5,175000129.85000008
09:20:38 AM,1675.85,0,0.0,175000129.85000008
09:20:38 AM,1675.65,0,0.0,175000129.85000008
09:20:41 AM,1675.65,570,955120.5,175955250.35000008
09:20:43 AM,1675.65,2,3351.3,175958601.6500001
09:20:43 AM,1675.6,0,0.0,175958601.6500001
09:20:45 AM,1675.85,0,0.0,175958601.6500001
09:20:46 AM,1675.9,0,0.0,175958601.6500001
09:20:47 AM,1675.9,216,361994.4,176320596.0500001
09:20:47 AM,1675.35,0,0.0,176320596.0500001
09:20:48 AM,1675.35,141,236224.34999999998,176556820.4000001
09:20:51 AM,1675.3,0,0.0,176556820.4000001
09:20:52 AM,1675.3,141,236217.3,176793037.7000001
09:20:55 AM,1675.85,0,0.0,176793037.7000001
09:20:55 AM,1675.25,0,0.0,176793037.7000001
09:20:58 AM,1675.25,379,634919.75,177427957.4500001
09:20:58 AM,1675.4,0,0.0,177427957.4500001
09:20:59 AM,1675.25,450,753862.5,178181819.9500001
09:21:01 AM,1675.8,0,0.0,178181819.9500001
09:21:02 AM,1675.25,0,0.0,178181819.9500001
09:21:03 AM,1676.2,0,0.0,178181819.9500001
09:21:03 AM,1675.6,0,0.0,178181819.9500001
09:21:04 AM,1675.4,569,953302.6000000001,179135122.5500001
09:21:05 AM,1675.25,0,0.0,179135122.5500001
09:21:05 AM,1675.45,82,137386.9,179272509.4500001
09:21:06 AM,1675.15,0,0.0,179272509.4500001
09:21:07 AM,1675.0,0,0.0,179272509.4500001
09:21:08 AM,1675.45,0,0.0,179272509.4500001
09:21:09 AM,1675.0,399,668325.0,179940834.4500001
09:21:10 AM,1675.45,0,0.0,179940834.4500001
09:21:11 AM,1675.45,50,83772.5,180024606.9500001
09:21:11 AM,1675.0,0,0.0,180024606.9500001
09:21:14 AM,1675.05,0,0.0,180024606.9500001
09:21:14 AM,1675.0,0,0.0,180024606.9500001
09:21:15 AM,1675.05,1656,2773882.8,182798489.75000012
09:21:16 AM,1675.0,24,40200.0,182838689.75000012
09:21:19 AM,1675.1,0,0.0,182838689.75000012
09:21:19 AM,1675.0,0,0.0,182838689.75000012
09:21:20 AM,1675.05,0,0.0,182838689.75000012
09:21:20 AM,1675.0,574,961450.0,183800139.75000012
09:21:22 AM,1675.1,50,83755.0,183883894.75000012
09:21:23 AM,1675.0,0,0.0,183883894.75000012
09:21:24 AM,1674.8,0,0.0,183883894.75000012
09:21:25 AM,1674.4,0,0.0,183883894.75000012
09:21:26 AM,1674.4,10129,16959997.6,200843892.3500001
09:21:26 AM,1674.0,0,0.0,200843892.3500001
09:21:27 AM,1674.0,416,696384.0,201540276.3500001
09:21:29 AM,1674.35,0,0.0,201540276.3500001
09:21:30 AM,1674.0,0,0.0,201540276.3500001
09:21:31 AM,1674.35,0,0.0,201540276.3500001
09:21:31 AM,1674.35,227,380077.44999999995,201920353.8000001
09:21:32 AM,1674.0,0,0.0,201920353.8000001
09:21:33 AM,1674.0,12,20088.0,201940441.8000001
09:21:33 AM,1674.45,0,0.0,201940441.8000001
09:21:36 AM,1674.45,1785,2988893.25,204929335.0500001
09:21:39 AM,1674.5,0,0.0,204929335.0500001
09:21:41 AM,1674.55,0,0.0,204929335.0500001
09:21:41 AM,1674.5,0,0.0,204929335.0500001
09:21:41 AM,1674.55,0,0.0,204929335.0500001
09:21:42 AM,1674.55,503,842298.65,205771633.7000001
09:21:48 AM,1674.5,0,0.0,205771633.7000001
09:21:48 AM,1674.5,118,197591.0,205969224.7000001
09:21:49 AM,1674.45,0,0.0,205969224.7000001
09:21:52 AM,1674.45,51,85396.95,206054621.6500001
09:21:53 AM,1674.5,0,0.0,206054621.6500001
09:21:53 AM,1674.5,139,232755.5,206287377.1500001
09:21:57 AM,1674.7,0,0.0,206287377.1500001
09:21:57 AM,1674.65,149,249522.85,206536900.0000001
09:21:59 AM,1674.3,0,0.0,206536900.0000001
09:21:59 AM,1674.0,1800,3013200.0,209550100.0000001
09:22:02 AM,1673.95,0,0.0,209550100.0000001
09:22:02 AM,1673.95,214,358225.3,209908325.3000001
09:22:03 AM,1674.0,0,0.0,209908325.3000001
09:22:04 AM,1674.0,42,70308.0,209978633.3000001
09:22:06 AM,1673.9,0,0.0,209978633.3000001
09:22:07 AM,1673.85,0,0.0,209978633.3000001
09:22:07 AM,1673.9,0,0.0,209978633.3000001
09:22:08 AM,1673.9,228,381649.2,210360282.5000001
09:22:09 AM,1673.85,0,0.0,210360282.5000001
09:22:10 AM,1673.85,41,68627.84999999999,210428910.35000008
09:22:11 AM,1673.8,0,0.0,210428910.35000008
09:22:12 AM,1675.2,0,0.0,210428910.35000008
09:22:13 AM,1675.95,1553,2602750.35,213031660.70000008
09:22:13 AM,1675.15,0,0.0,213031660.70000008
09:22:15 AM,1675.7,0,0.0,213031660.70000008
09:22:15 AM,1675.7,2,3351.4,213035012.10000008
09:22:17 AM,1675.4,0,0.0,213035012.10000008
09:22:17 AM,1675.7,0,0.0,213035012.10000008
09:22:18 AM,1675.8,0,0.0,213035012.10000008
09:22:18 AM,1675.9,0,0.0,213035012.10000008
09:22:19 AM,1675.9,231,387132.9,213422145.0000001
09:22:19 AM,1676.0,0,0.0,213422145.0000001
09:22:19 AM,1675.7,0,0.0,213422145.0000001
09:22:20 AM,1675.7,1325,2220302.5,215642447.5000001
09:22:21 AM,1675.6,0,0.0,215642447.5000001
09:22:22 AM,1675.5,0,0.0,215642447.5000001
09:22:22 AM,1675.2,0,0.0,215642447.5000001
09:22:23 AM,1675.25,0,0.0,215642447.5000001
09:22:24 AM,1675.25,182,304895.5,215947343.0000001
09:22:25 AM,1675.3,0,0.0,215947343.0000001
09:22:26 AM,1675.25,15,25128.75,215972471.7500001
09:22:28 AM,1675.2,0,0.0,215972471.7500001
09:22:30 AM,1675.25,1265,2119191.25,218091663.0000001
09:22:31 AM,1675.05,5,8375.25,218100038.2500001
09:22:31 AM,1674.7,0,0.0,218100038.2500001
09:22:31 AM,1674.75,0,0.0,218100038.2500001
09:22:32 AM,1674.5,0,0.0,218100038.2500001
09:22:33 AM,1675.3,0,0.0,218100038.2500001
09:22:34 AM,1674.75,0,0.0,218100038.2500001
09:22:35 AM,1674.75,844,1413489.0,219513527.2500001
09:22:36 AM,1674.65,0,0.0,219513527.2500001
09:22:36 AM,1675.15,228,381934.2,219895461.45000008
09:22:41 AM,1674.35,0,0.0,219895461.45000008
09:22:42 AM,1674.35,140,234409.0,220129870.45000008
09:22:42 AM,1675.05,0,0.0,220129870.45000008
09:22:42 AM,1674.3,0,0.0,220129870.45000008
09:22:43 AM,1674.1,0,0.0,220129870.45000008
09:22:46 AM,1674.1,505,845420.5,220975290.95000008
09:22:46 AM,1674.35,0,0.0,220975290.95000008
09:22:46 AM,1674.1,0,0.0,220975290.95000008
09:22:47 AM,1674.1,163,272878.3,221248169.2500001
09:22:51 AM,1674.1,33,55245.299999999996,221303414.5500001
09:22:51 AM,1674.15,0,0.0,221303414.5500001
09:22:52 AM,1674.0,772,1292328.0,222595742.5500001
09:22:53 AM,1674.25,0,0.0,222595742.5500001
09:22:53 AM,1674.0,0,0.0,222595742.5500001
09:22:56 AM,1674.25,0,0.0,222595742.5500001
09:22:56 AM,1674.25,789,1320983.25,223916725.8000001
09:22:58 AM,1674.25,5,8371.25,223925097.0500001
09:23:00 AM,1673.65,0,0.0,223925097.0500001
09:23:02 AM,1674.1,0,0.0,223925097.0500001
09:23:02 AM,1674.1,1006,1684144.5999999999,225609241.6500001
09:23:03 AM,1673.7,0,0.0,225609241.6500001
09:23:03 AM,1673.85,194,324726.89999999997,225933968.5500001
09:23:05 AM,1674.35,0,0.0,225933968.5500001
09:23:05 AM,1674.4,0,0.0,225933968.5500001
09:23:06 AM,1674.45,0,0.0,225933968.5500001
09:23:07 AM,1674.45,348,582708.6,226516677.1500001
09:23:11 AM,1674.45,128,214329.6,226731006.7500001
09:23:13 AM,1675.0,0,0.0,226731006.7500001
09:23:14 AM,1675.0,25,41875.0,226772881.7500001
09:23:15 AM,1674.55,3,5023.65,226777905.4000001
09:23:16 AM,1674.5,130,217685.0,226995590.4000001
09:23:16 AM,1674.45,10,16744.5,227012334.9000001
09:23:17 AM,1674.35,120,200922.0,227213256.9000001
09:23:17 AM,1675.0,0,0.0,227213256.9000001
09:23:18 AM,1675.0,159,266325.0,227479581.9000001
09:23:18 AM,1675.1,144,241214.4,227720796.3000001
09:23:18 AM,1675.0,0,0.0,227720796.3000001
09:23:19 AM,1675.0,104,174200.0,227894996.3000001
09:23:20 AM,1675.0,32,53600.0,227948596.3000001
09:23:21 AM,1675.1,32,53603.2,228002199.5000001
09:23:21 AM,1675.1,3,5025.299999999999,228007224.8000001
09:23:22 AM,1675.45,0,0.0,228007224.8000001
09:23:22 AM,1675.45,263,440643.35000000003,228447868.1500001
09:23:23 AM,1675.4,36,60314.4,228508182.5500001
09:23:26 AM,1676.25,0,0.0,228508182.5500001
09:23:26 AM,1675.8,0,0.0,228508182.5500001
09:23:26 AM,1675.8,581,973639.7999999999,229481822.3500001
09:23:26 AM,1675.95,8,13407.6,229495229.9500001
09:23:26 AM,1675.9,0,0.0,229495229.9500001
09:23:27 AM,1675.9,126,211163.40000000002,229706393.3500001
09:23:28 AM,1675.9,6,10055.400000000001,229716448.75000012
09:23:29 AM,1676.55,0,0.0,229716448.75000012
09:23:29 AM,1675.9,0,0.0,229716448.75000012
09:23:29 AM,1675.9,58,97202.20000000001,229813650.9500001
09:23:29 AM,1676.85,412,690862.2,230504513.1500001
09:23:34 AM,1676.5,0,0.0,230504513.1500001
09:23:34 AM,1676.5,10,16765.0,230521278.1500001
09:23:36 AM,1676.15,0,0.0,230521278.1500001
09:23:36 AM,1676.15,84,140796.6,230662074.7500001
09:23:40 AM,1676.15,5,8380.75,230670455.5000001
09:23:40 AM,1676.15,128,214547.2,230885002.70000008
09:23:41 AM,1676.65,50,83832.5,230968835.20000008
09:23:42 AM,1676.5,265,444272.5,231413107.70000008
09:23:44 AM,1676.35,0,0.0,231413107.70000008
09:23:44 AM,1676.35,300,502905.0,231916012.70000008
09:23:45 AM,1677.2,0,0.0,231916012.70000008
09:23:45 AM,1677.2,223,374015.60000000003,232290028.30000007
09:23:47 AM,1677.5,0,0.0,232290028.30000007
09:23:47 AM,1677.5,21,35227.5,232325255.80000007
09:23:50 AM,1677.75,43,72143.25,232397399.05000007
09:23:50 AM,1677.45,56,93937.2,232491336.25000006
09:23:51 AM,1677.75,0,0.0,232491336.25000006
09:23:52 AM,1677.75,3,5033.25,232496369.50000006
09:23:54 AM,1678.15,0,0.0,232496369.50000006
09:23:54 AM,1678.8,594,997207.2,233493576.70000005
09:23:54 AM,1678.5,1,1678.5,233495255.20000005
09:23:56 AM,1678.8,0,0.0,233495255.20000005
09:23:56 AM,1678.75,248,416330.0,233911585.20000005
09:23:57 AM,1678.7,551,924963.7000000001,234836548.90000004
09:23:58 AM,1677.9,30,50337.0,234886885.90000004
09:24:00 AM,1677.95,87,145981.65,235032867.55000004
09:24:00 AM,1677.95,42,70473.90000000001,235103341.45000005
09:24:01 AM,1677.65,0,0.0,235103341.45000005
09:24:01 AM,1677.65,1,1677.65,235105019.10000005
09:24:01 AM,1677.6,0,0.0,235105019.10000005
09:24:02 AM,1677.5,106,177815.0,235282834.10000005
09:24:06 AM,1676.65,124,207904.6,235490738.70000005
09:24:07 AM,1676.7,0,0.0,235490738.70000005
09:24:08 AM,1676.7,1,1676.7,235492415.40000004
09:24:11 AM,1676.65,0,0.0,235492415.40000004
09:24:11 AM,1676.65,128,214611.2,235707026.60000002
09:24:13 AM,1677.15,0,0.0,235707026.60000002
09:24:13 AM,1676.75,0,0.0,235707026.60000002
09:24:14 AM,1676.75,101,169351.75,235876378.35000002
09:24:15 AM,1676.5,0,0.0,235876378.35000002
09:24:15 AM,1676.5,425,712512.5,236588890.85000002
09:24:16 AM,1677.6,0,0.0,236588890.85000002
09:24:16 AM,1677.6,764,1281686.4,237870577.25000003
09:24:16 AM,1677.2,0,0.0,237870577.25000003
09:24:17 AM,1677.2,2,3354.4,237873931.65000004
09:24:17 AM,1677.0,0,0.0,237873931.65000004
09:24:18 AM,1677.0,60,100620.0,237974551.65000004
09:24:22 AM,1677.0,40,67080.0,238041631.65000004
09:24:22 AM,1677.55,13,21808.149999999998,238063439.80000004
09:24:23 AM,1676.75,0,0.0,238063439.80000004
09:24:23 AM,1676.75,143,239775.25,238303215.05000004
09:24:29 AM,1676.85,0,0.0,238303215.05000004
09:24:29 AM,1676.85,147,246496.94999999998,238549712.00000003
09:24:30 AM,1676.85,15,25152.75,238574864.75000003
09:24:32 AM,1677.35,0,0.0,238574864.75000003
09:24:32 AM,1677.35,446,748098.1,239322962.85000002
09:24:32 AM,1677.15,0,0.0,239322962.85000002
09:24:33 AM,1677.15,25,41928.75,239364891.60000002
09:24:34 AM,1677.35,0,0.0,239364891.60000002
09:24:34 AM,1677.15,0,0.0,239364891.60000002
09:24:34 AM,1677.15,53,88888.95000000001,239453780.55
09:24:34 AM,1677.35,0,0.0,239453780.55
09:24:35 AM,1677.35,3,5032.049999999999,239458812.60000002
09:24:35 AM,1677.35,1,1677.35,239460489.95000002
09:24:36 AM,1677.15,64,107337.6,239567827.55
09:24:37 AM,1677.35,1,1677.35,239569504.9
09:24:38 AM,1677.1,11,18448.1,239587953.0
09:24:38 AM,1677.1,10,16771.0,239604724.0
09:24:39 AM,1677.1,1,1677.1,239606401.1
09:24:40 AM,1676.8,144,241459.19999999998,239847860.29999998
09:24:40 AM,1676.75,0,0.0,239847860.29999998
09:24:41 AM,1676.75,25,41918.75,239889779.04999998
09:24:44 AM,1676.75,1,1676.75,239891455.79999998
09:24:45 AM,1676.55,0,0.0,239891455.79999998
09:24:45 AM,1676.55,129,216274.94999999998,240107730.74999997
09:24:48 AM,1676.8,0,0.0,240107730.74999997
09:24:48 AM,1676.8,4,6707.2,240114437.94999996
09:24:49 AM,1676.8,6,10060.8,240124498.74999997
09:24:50 AM,1677.4,0,0.0,240124498.74999997
09:24:51 AM,1677.4,496,831990.4,240956489.14999998
09:24:56 AM,1677.6,0,0.0,240956489.14999998
09:24:57 AM,1677.6,133,223120.8,241179609.95
09:25:01 AM,1677.75,9,15099.75,241194709.7
09:25:02 AM,1677.6,0,0.0,241194709.7
09:25:03 AM,1677.6,151,253317.59999999998,241448027.29999998
09:25:03 AM,1677.75,0,0.0,241448027.29999998
09:25:04 AM,1677.75,10,16777.5,241464804.79999998
09:25:05 AM,1677.75,475,796931.25,242261736.04999998
09:25:06 AM,1677.75,19,31877.25,242293613.29999998
09:25:11 AM,1677.4,0,0.0,242293613.29999998
09:25:11 AM,1677.2,0,0.0,242293613.29999998
09:25:12 AM,1677.35,0,0.0,242293613.29999998
09:25:13 AM,1677.2,0,0.0,242293613.29999998
09:25:14 AM,1677.35,0,0.0,242293613.29999998
09:25:14 AM,1677.35,1835,3077937.25,245371550.54999998
09:25:15 AM,1677.4,0,0.0,245371550.54999998
09:25:16 AM,1677.5,36,60390.0,245431940.54999998
09:25:17 AM,1677.2,0,0.0,245431940.54999998
09:25:18 AM,1677.35,0,0.0,245431940.54999998
09:25:19 AM,1677.15,0,0.0,245431940.54999998
09:25:19 AM,1677.15,396,664151.4,246096091.95
09:25:20 AM,1677.45,0,0.0,246096091.95
09:25:21 AM,1678.05,0,0.0,246096091.95
09:25:22 AM,1678.05,704,1181347.2,247277439.14999998
09:25:22 AM,1677.75,0,0.0,247277439.14999998
09:25:23 AM,1678.4,0,0.0,247277439.14999998
09:25:24 AM,1678.6,0,0.0,247277439.14999998
09:25:24 AM,1678.95,0,0.0,247277439.14999998
09:25:25 AM,1679.35,0,0.0,247277439.14999998
09:25:25 AM,1679.35,357,599527.95,247876967.09999996
09:25:26 AM,1679.25,0,0.0,247876967.09999996
09:25:27 AM,1680.05,0,0.0,247876967.09999996
09:25:27 AM,1680.05,573,962668.65,248839635.74999997
09:25:28 AM,1680.1,0,0.0,248839635.74999997
09:25:30 AM,1679.95,0,0.0,248839635.74999997
09:25:30 AM,1679.95,187,314150.65,249153786.39999998
09:25:32 AM,1679.25,0,0.0,249153786.39999998
09:25:32 AM,1679.25,107,179679.75,249333466.14999998
09:25:33 AM,1679.35,0,0.0,249333466.14999998
09:25:35 AM,1679.2,0,0.0,249333466.14999998
09:25:35 AM,1679.2,64,107468.8,249440934.95
09:25:36 AM,1678.95,0,0.0,249440934.95
09:25:37 AM,1678.4,0,0.0,249440934.95
09:25:37 AM,1679.0,93,156147.0,249597081.95
09:25:39 AM,1679.55,0,0.0,249597081.95
09:25:40 AM,1679.15,0,0.0,249597081.95
09:25:40 AM,1678.75,0,0.0,249597081.95
09:25:41 AM,1678.95,216,362653.2,249959735.14999998
09:25:42 AM,1679.55,0,0.0,249959735.14999998
09:25:42 AM,1679.55,423,710449.65,250670184.79999998
09:25:45 AM,1680.0,0,0.0,250670184.79999998
09:25:46 AM,1679.55,0,0.0,250670184.79999998
09:25:46 AM,1679.55,734,1232789.7,251902974.49999997
09:25:47 AM,1679.95,0,0.0,251902974.49999997
09:25:48 AM,1679.95,13,21839.350000000002,251924813.84999996
09:25:51 AM,1679.55,0,0.0,251924813.84999996
09:25:53 AM,1679.5,0,0.0,251924813.84999996
09:25:53 AM,1679.6,520,873392.0,252798205.84999996
09:25:54 AM,1679.55,0,0.0,252798205.84999996
09:25:56 AM,1679.55,82,137723.1,252935928.94999996
09:25:58 AM,1679.6,0,0.0,252935928.94999996
09:25:58 AM,1680.0,171,287280.0,253223208.94999996
09:25:59 AM,1680.3,0,0.0,253223208.94999996
09:26:00 AM,1680.15,0,0.0,253223208.94999996
09:26:01 AM,1679.75,0,0.0,253223208.94999996
09:26:02 AM,1679.75,161,270439.75,253493648.69999996
09:26:03 AM,1679.65,0,0.0,253493648.69999996
09:26:04 AM,1679.6,0,0.0,253493648.69999996
09:26:04 AM,1679.6,107,179717.19999999998,253673365.89999995
09:26:05 AM,1679.8,0,0.0,253673365.89999995
09:26:07 AM,1680.0,0,0.0,253673365.89999995
09:26:07 AM,1680.5,140,235270.0,253908635.89999995
09:26:09 AM,1680.0,0,0.0,253908635.89999995
09:26:09 AM,1679.75,275,461931.25,254370567.14999995
09:26:10 AM,1680.3,0,0.0,254370567.14999995
09:26:11 AM,1679.85,0,0.0,254370567.14999995
09:26:11 AM,1679.85,350,587947.5,254958514.64999995
09:26:12 AM,1680.0,0,0.0,254958514.64999995
09:26:12 AM,1680.0,3,5040.0,254963554.64999995
09:26:13 AM,1679.75,278,466970.5,255430525.14999995
09:26:14 AM,1679.85,1,1679.85,255432204.99999994
09:26:15 AM,1679.9,0,0.0,255432204.99999994
09:26:15 AM,1679.75,0,0.0,255432204.99999994
09:26:15 AM,1680.0,277,465360.0,255897564.99999994
09:26:17 AM,1680.15,0,0.0,255897564.99999994
09:26:17 AM,1680.15,494,829994.1000000001,256727559.09999993
09:26:18 AM,1680.1,0,0.0,256727559.09999993
09:26:18 AM,1680.15,123,206658.45,256934217.54999992
09:26:19 AM,1680.1,0,0.0,256934217.54999992
09:26:19 AM,1680.1,2,3360.2,256937577.7499999
09:26:20 AM,1680.5,32,53776.0,256991353.7499999
09:26:22 AM,1680.5,250,420125.0,257411478.7499999
09:26:23 AM,1679.7,0,0.0,257411478.7499999
09:26:23 AM,1679.7,100,167970.0,257579448.7499999
09:26:24 AM,1679.7,7,11757.9,257591206.64999992
09:26:25 AM,1680.0,0,0.0,257591206.64999992
09:26:25 AM,1680.0,6,10080.0,257601286.64999992
09:26:26 AM,1680.1,0,0.0,257601286.64999992
09:26:26 AM,1679.65,77,129333.05,257730619.69999993
09:26:27 AM,1679.7,66,110860.2,257841479.89999992
09:26:28 AM,1680.05,0,0.0,257841479.89999992
09:26:28 AM,1679.7,115,193165.5,258034645.39999992
09:26:29 AM,1680.1,68,114246.79999999999,258148892.19999993
09:26:30 AM,1680.15,0,0.0,258148892.19999993
09:26:30 AM,1680.45,194,326007.3,258474899.49999994
09:26:31 AM,1680.45,3,5041.35,258479940.84999993
09:26:32 AM,1680.45,2,3360.9,258483301.74999994
09:26:33 AM,1679.75,100,167975.0,258651276.74999994
09:26:34 AM,1680.1,1,1680.1,258652956.84999993
09:26:34 AM,1680.25,0,0.0,258652956.84999993
09:26:34 AM,1680.15,151,253702.65000000002,258906659.49999994
09:26:35 AM,1680.2,2,3360.4,258910019.89999995
09:26:35 AM,1681.05,0,0.0,258910019.89999995
09:26:35 AM,1681.15,61,102550.15000000001,259012570.04999995
09:26:36 AM,1680.65,0,0.0,259012570.04999995
09:26:36 AM,1680.65,53,89074.45000000001,259101644.49999994
09:26:37 AM,1681.1,0,0.0,259101644.49999994
09:26:38 AM,1681.15,0,0.0,259101644.49999994
09:26:38 AM,1680.65,260,436969.0,259538613.49999994
09:26:38 AM,1681.05,50,84052.5,259622665.99999994
09:26:40 AM,1680.65,50,84032.5,259706698.49999994
09:26:40 AM,1680.65,1,1680.65,259708379.14999995
09:26:43 AM,1680.8,0,0.0,259708379.14999995
09:26:43 AM,1680.8,40,67232.0,259775611.14999995
09:26:44 AM,1680.8,10,16808.0,259792419.14999995
09:26:44 AM,1680.65,140,235291.0,260027710.14999995
09:26:47 AM,1681.25,0,0.0,260027710.14999995
09:26:47 AM,1681.25,11,18493.75,260046203.89999995
09:26:48 AM,1681.25,50,84062.5,260130266.39999995
09:26:50 AM,1680.7,0,0.0,260130266.39999995
09:26:50 AM,1681.25,128,215200.0,260345466.39999995
09:26:52 AM,1680.75,0,0.0,260345466.39999995
09:26:52 AM,1680.75,21,35295.75,260380762.14999995
09:26:52 AM,1680.75,26,43699.5,260424461.64999995
09:26:53 AM,1681.25,100,168125.0,260592586.64999995
09:26:56 AM,1680.65,0,0.0,260592586.64999995
09:26:56 AM,1680.65,85,142855.25,260735441.89999995
09:26:58 AM,1680.7,0,0.0,260735441.89999995
09:26:58 AM,1680.7,1,1680.7,260737122.59999993
09:27:00 AM,1680.5,0,0.0,260737122.59999993
09:27:00 AM,1680.5,100,168050.0,260905172.59999993
09:27:01 AM,1681.05,0,0.0,260905172.59999993
09:27:01 AM,1681.05,25,42026.25,260947198.84999993
09:27:02 AM,1680.3,0,0.0,260947198.84999993
09:27:02 AM,1680.3,136,228520.8,261175719.64999995
09:27:03 AM,1680.95,0,0.0,261175719.64999995
09:27:03 AM,1680.95,3,5042.85,261180762.49999994
09:27:04 AM,1681.3,0,0.0,261180762.49999994
09:27:04 AM,1681.3,290,487577.0,261668339.49999994
09:27:05 AM,1681.05,0,0.0,261668339.49999994
09:27:05 AM,1681.0,155,260555.0,261928894.49999994
09:27:06 AM,1681.0,2,3362.0,261932256.49999994
09:27:08 AM,1681.95,0,0.0,261932256.49999994
09:27:08 AM,1681.95,500,840975.0,262773231.49999994
09:27:09 AM,1681.0,0,0.0,262773231.49999994
09:27:09 AM,1681.0,2,3362.0,262776593.49999994
09:27:10 AM,1680.5,0,0.0,262776593.49999994
09:27:10 AM,1680.5,90,151245.0,262927838.49999994
09:27:12 AM,1680.75,0,0.0,262927838.49999994
09:27:12 AM,1680.75,604,1015173.0,263943011.49999994
09:27:13 AM,1679.8,0,0.0,263943011.49999994
09:27:13 AM,1679.8,6,10078.8,263953090.29999995
09:27:13 AM,1679.8,1,1679.8,263954770.09999996
09:27:13 AM,1679.85,15,25197.75,263979967.84999996
09:27:14 AM,1680.05,0,0.0,263979967.84999996
09:27:14 AM,1680.05,2,3360.1,263983327.94999996
09:27:14 AM,1680.25,3,5040.75,263988368.69999996
09:27:15 AM,1680.45,0,0.0,263988368.69999996
09:27:15 AM,1680.45,3,5041.35,263993410.04999995
09:27:15 AM,1680.75,32,53784.0,264047194.04999995
09:27:16 AM,1680.45,0,0.0,264047194.04999995
09:27:16 AM,1680.2,0,0.0,264047194.04999995
09:27:16 AM,1680.2,2,3360.4,264050554.44999996
09:27:17 AM,1680.1,1,1680.1,264052234.54999995
09:27:18 AM,1680.1,2,3360.2,264055594.74999994
09:27:19 AM,1680.15,0,0.0,264055594.74999994
09:27:19 AM,1680.15,2,3360.3,264058955.04999995
09:27:19 AM,1680.15,4,6720.6,264065675.64999995
09:27:20 AM,1680.15,2,3360.3,264069035.94999996
09:27:20 AM,1680.05,109,183125.44999999998,264252161.39999995
09:27:21 AM,1680.6,0,0.0,264252161.39999995
09:27:21 AM,1680.6,50,84030.0,264336191.39999995
09:27:21 AM,1680.0,500,840000.0,265176191.39999995
09:27:22 AM,1680.0,4,6720.0,265182911.39999995
09:27:23 AM,1680.75,0,0.0,265182911.39999995
09:27:23 AM,1680.8,264,443731.2,265626642.59999993
09:27:23 AM,1680.75,6,10084.5,265636727.09999993
09:27:24 AM,1680.75,2,3361.5,265640088.59999993
09:27:25 AM,1680.75,3,5042.25,265645130.84999993
09:27:25 AM,1680.8,33,55466.4,265700597.24999994
09:27:26 AM,1680.75,0,0.0,265700597.24999994
09:27:26 AM,1680.75,57,95802.75,265796399.99999994
09:27:27 AM,1680.75,1,1680.75,265798080.74999994
09:27:27 AM,1680.8,61,102528.8,265900609.54999995
09:27:28 AM,1680.75,0,0.0,265900609.54999995
09:27:28 AM,1681.65,524,881184.6000000001,266781794.14999995
09:27:30 AM,1680.8,0,0.0,266781794.14999995
09:27:30 AM,1680.8,48,80678.4,266862472.54999995
09:27:31 AM,1680.85,0,0.0,266862472.54999995
09:27:31 AM,1680.75,28,47061.0,266909533.54999995
09:27:31 AM,1681.35,4,6725.4,266916258.94999996
09:27:32 AM,1680.75,663,1114337.25,268030596.19999996
09:27:32 AM,1680.65,853,1433594.4500000002,269464190.65
09:27:33 AM,1680.75,0,0.0,269464190.65
09:27:33 AM,1680.75,13,21849.75,269486040.4
09:27:34 AM,1680.75,3,5042.25,269491082.65
09:27:34 AM,1680.75,1,1680.75,269492763.4
09:27:35 AM,1680.75,34,57145.5,269549908.9
09:27:36 AM,1680.75,2,3361.5,269553270.4
09:27:36 AM,1680.75,2,3361.5,269556631.9
09:27:38 AM,1680.75,130,218497.5,269775129.4
09:27:39 AM,1680.9,184,309285.60000000003,270084415.0
09:27:40 AM,1680.9,9,15128.1,270099543.1
09:27:41 AM,1681.35,0,0.0,270099543.1
09:27:41 AM,1681.6,168,282508.8,270382051.90000004
09:27:41 AM,1681.25,1,1681.25,270383733.15000004
09:27:42 AM,1681.2,0,0.0,270383733.15000004
09:27:42 AM,1681.2,137,230324.4,270614057.55
09:27:43 AM,1682.4,0,0.0,270614057.55
09:27:43 AM,1682.4,120,201888.0,270815945.55
09:27:43 AM,1683.05,133,223845.65,271039791.2
09:27:44 AM,1683.2,0,0.0,271039791.2
09:27:44 AM,1683.2,15,25248.0,271065039.2
09:27:44 AM,1683.1,226,380380.6,271445419.8
09:27:45 AM,1683.0,0,0.0,271445419.8
09:27:45 AM,1683.0,5,8415.0,271453834.8
09:27:46 AM,1682.55,0,0.0,271453834.8
09:27:46 AM,1682.55,84,141334.19999999998,271595169.0
09:27:48 AM,1682.7,1,1682.7,271596851.7
09:27:50 AM,1682.85,0,0.0,271596851.7
09:27:50 AM,1682.85,4,6731.4,271603583.09999996
09:27:50 AM,1682.5,129,217042.5,271820625.59999996
09:27:51 AM,1682.85,10,16828.5,271837454.09999996
09:27:51 AM,1682.85,41,68996.84999999999,271906450.95
09:27:53 AM,1682.8,0,0.0,271906450.95
09:27:53 AM,1682.8,21,35338.799999999996,271941789.75
09:27:54 AM,1683.35,0,0.0,271941789.75
09:27:54 AM,1683.35,12,20200.199999999997,271961989.95
09:27:55 AM,1683.35,80,134668.0,272096657.95
09:27:55 AM,1683.35,251,422520.85,272519178.8
09:27:56 AM,1683.6,0,0.0,272519178.8
09:27:56 AM,1683.6,14,23570.399999999998,272542749.2
09:27:57 AM,1683.6,113,190246.8,272732996.0
09:27:58 AM,1683.4,0,0.0,272732996.0
09:27:58 AM,1683.6,60,101016.0,272834012.0
09:27:59 AM,1683.6,49,82496.4,272916508.4
09:27:59 AM,1683.85,12,20206.199999999997,272936714.59999996
09:28:00 AM,1684.0,0,0.0,272936714.59999996
09:28:00 AM,1683.7,80,134696.0,273071410.59999996
09:28:00 AM,1684.05,1,1684.05,273073094.65
09:28:01 AM,1684.45,35,58955.75,273132050.4
09:28:02 AM,1683.95,39,65674.05,273197724.45
09:28:03 AM,1684.1,0,0.0,273197724.45
09:28:03 AM,1684.6,0,0.0,273197724.45
09:28:03 AM,1684.6,462,778285.2,273976009.65
09:28:07 AM,1684.0,0,0.0,273976009.65
09:28:07 AM,1684.0,64,107776.0,274083785.65
09:28:07 AM,1684.05,2,3368.1,274087153.75
09:28:08 AM,1683.7,131,220564.7,274307718.45
09:28:09 AM,1683.4,0,0.0,274307718.45
09:28:09 AM,1684.0,257,432788.0,274740506.45
09:28:09 AM,1684.05,2,3368.1,274743874.55
09:28:10 AM,1684.05,2,3368.1,274747242.65000004
09:28:12 AM,1684.0,0,0.0,274747242.65000004
09:28:12 AM,1684.05,0,0.0,274747242.65000004
09:28:12 AM,1684.05,81,136408.05,274883650.70000005
09:28:13 AM,1684.0,0,0.0,274883650.70000005
09:28:13 AM,1684.0,23,38732.0,274922382.70000005
09:28:14 AM,1683.65,66,111120.90000000001,275033503.6
09:28:15 AM,1683.85,2,3367.7,275036871.3
09:28:16 AM,1683.2,610,1026752.0,276063623.3
09:28:18 AM,1683.4,0,0.0,276063623.3
09:28:18 AM,1683.4,157,264293.8,276327917.1
09:28:19 AM,1683.5,0,0.0,276327917.1
09:28:19 AM,1683.85,120,202062.0,276529979.1
09:28:21 AM,1683.4,0,0.0,276529979.1
09:28:21 AM,1683.45,301,506718.45,277036697.55
09:28:22 AM,1683.4,0,0.0,277036697.55
09:28:22 AM,1683.4,2,3366.8,277040064.35
09:28:23 AM,1683.4,7,11783.800000000001,277051848.15000004
09:28:24 AM,1683.5,0,0.0,277051848.15000004
09:28:24 AM,1683.5,98,164983.0,277216831.15000004
09:28:25 AM,1683.65,0,0.0,277216831.15000004
09:28:26 AM,1683.65,200,336730.0,277553561.15000004
09:28:27 AM,1682.75,0,0.0,277553561.15000004
09:28:27 AM,1682.75,245,412273.75,277965834.90000004
09:28:28 AM,1683.25,0,0.0,277965834.90000004
09:28:28 AM,1683.25,2,3366.5,277969201.40000004
09:28:29 AM,1682.75,0,0.0,277969201.40000004
09:28:29 AM,1682.75,65,109378.75,278078580.15000004
09:28:30 AM,1683.15,0,0.0,278078580.15000004
09:28:30 AM,1682.8,12,20193.6,278098773.75000006
09:28:31 AM,1682.55,0,0.0,278098773.75000006
09:28:31 AM,1682.55,144,242287.19999999998,278341060.95000005
09:28:32 AM,1682.85,0,0.0,278341060.95000005
09:28:32 AM,1682.9,3,5048.700000000001,278346109.65000004
09:28:33 AM,1682.75,0,0.0,278346109.65000004
09:28:33 AM,1682.75,215,361791.25,278707900.90000004
09:28:34 AM,1683.35,0,0.0,278707900.90000004
09:28:34 AM,1683.35,41,69017.34999999999,278776918.25000006
09:28:35 AM,1682.75,0,0.0,278776918.25000006
09:28:35 AM,1682.75,12,20193.0,278797111.25000006
09:28:35 AM,1682.95,10,16829.5,278813940.75000006
09:28:36 AM,1682.95,233,392127.35000000003,279206068.1000001
09:28:37 AM,1682.85,0,0.0,279206068.1000001
09:28:37 AM,1682.85,258,434175.3,279640243.4000001
09:28:38 AM,1683.05,0,0.0,279640243.4000001
09:28:38 AM,1682.75,0,0.0,279640243.4000001
09:28:38 AM,1682.75,22,37020.5,279677263.9000001
09:28:39 AM,1682.95,0,0.0,279677263.9000001
09:28:39 AM,1682.95,108,181758.6,279859022.5000001
09:28:40 AM,1682.55,0,0.0,279859022.5000001
09:28:40 AM,1682.95,0,0.0,279859022.5000001
09:28:40 AM,1682.95,27,45439.65,279904462.1500001
09:28:41 AM,1682.95,54,90879.3,279995341.4500001
09:28:42 AM,1682.95,13,21878.350000000002,280017219.80000013
09:28:43 AM,1682.4,0,0.0,280017219.80000013
09:28:43 AM,1682.6,110,185086.0,280202305.80000013
09:28:44 AM,1682.65,0,0.0,280202305.80000013
09:28:44 AM,1682.65,39,65623.35,280267929.15000015
09:28:45 AM,1682.95,0,0.0,280267929.15000015
09:28:45 AM,1682.5,185,311262.5,280579191.65000015
09:28:46 AM,1682.8,0,0.0,280579191.65000015
09:28:46 AM,1682.95,68,114440.6,280693632.2500002
09:28:47 AM,1682.95,29,48805.55,280742437.8000002
09:28:48 AM,1682.95,56,94245.2,280836683.0000002
09:28:49 AM,1682.5,0,0.0,280836683.0000002
09:28:49 AM,1682.95,33,55537.35,280892220.3500002
09:28:50 AM,1682.95,39,65635.05,280957855.4000002
09:28:51 AM,1682.95,87,146416.65,281104272.0500002
09:28:52 AM,1682.95,11,18512.45,281122784.5000002
09:28:53 AM,1682.95,2,3365.9,281126150.40000015
09:28:54 AM,1682.95,2,3365.9,281129516.30000013
09:28:55 AM,1682.95,23,38707.85,281168224.15000015
09:28:56 AM,1682.95,2,3365.9,281171590.05000013
09:28:57 AM,1682.4,0,0.0,281171590.05000013
09:28:57 AM,1682.8,132,222129.6,281393719.65000015
09:28:57 AM,1682.8,3,5048.4,281398768.05000013
09:28:58 AM,1682.5,0,0.0,281398768.05000013
09:28:58 AM,1682.5,1,1682.5,281400450.55000013
09:28:59 AM,1682.5,48,80760.0,281481210.55000013
09:29:00 AM,1682.95,3,5048.85,281486259.40000015
09:29:01 AM,1682.9,2,3365.8,281489625.20000017
09:29:02 AM,1682.35,0,0.0,281489625.20000017
09:29:02 AM,1682.5,0,0.0,281489625.20000017
09:29:02 AM,1682.5,169,284342.5,281773967.70000017
09:29:03 AM,1682.45,0,0.0,281773967.70000017
09:29:03 AM,1682.45,114,191799.30000000002,281965767.0000002
09:29:04 AM,1682.6,1,1682.6,281967449.6000002
09:29:05 AM,1682.05,0,0.0,281967449.6000002
09:29:06 AM,1682.7,460,774042.0,282741491.6000002
09:29:07 AM,1683.0,0,0.0,282741491.6000002
09:29:07 AM,1683.0,148,249084.0,282990575.6000002
09:29:08 AM,1683.6,0,0.0,282990575.6000002
09:29:08 AM,1683.6,21,35355.6,283025931.2000002
09:29:09 AM,1683.2,0,0.0,283025931.2000002
09:29:10 AM,1683.2,1,1683.2,283027614.4000002
09:29:10 AM,1683.15,0,0.0,283027614.4000002
09:29:11 AM,1683.6,0,0.0,283027614.4000002
09:29:11 AM,1683.6,43,72394.8,283100009.2000002
09:29:14 AM,1683.2,18,30297.600000000002,283130306.80000025
09:29:15 AM,1683.15,0,0.0,283130306.80000025
09:29:15 AM,1683.15,143,240690.45,283370997.25000024
09:29:16 AM,1683.6,0,0.0,283370997.25000024
09:29:16 AM,1683.15,158,265937.7,283636934.9500002
09:29:17 AM,1683.15,4,6732.6,283643667.55000025
09:29:19 AM,1683.15,1,1683.15,283645350.7000002
09:29:22 AM,1683.0,0,0.0,283645350.7000002
09:29:22 AM,1683.0,307,516681.0,284162031.7000002
09:29:22 AM,1682.95,1,1682.95,284163714.6500002
09:29:23 AM,1682.95,155,260857.25,284424571.9000002
09:29:24 AM,1683.2,0,0.0,284424571.9000002
09:29:24 AM,1682.95,54,90879.3,284515451.2000002
09:29:24 AM,1682.85,818,1376571.2999999998,285892022.50000024
09:29:25 AM,1682.95,0,0.0,285892022.50000024
09:29:25 AM,1682.95,49,82464.55,285974487.05000025
09:29:26 AM,1683.2,0,0.0,285974487.05000025
09:29:26 AM,1683.2,45,75744.0,286050231.05000025
09:29:26 AM,1683.2,5,8416.0,286058647.05000025
09:29:28 AM,1682.95,0,0.0,286058647.05000025
09:29:28 AM,1682.95,162,272637.9,286331284.9500002
09:29:28 AM,1682.95,1053,1772146.35,288103431.30000025
09:29:29 AM,1682.95,113,190173.35,288293604.6500003
09:29:30 AM,1682.95,180,302931.0,288596535.6500003
09:29:30 AM,1682.95,20,33659.0,288630194.6500003
09:29:31 AM,1682.95,329,553690.55,289183885.2000003
09:29:32 AM,1682.95,6,10097.7,289193982.9000003
09:29:33 AM,1682.95,5,8414.75,289202397.6500003
09:29:34 AM,1682.5,1,1682.5,289204080.1500003
09:29:35 AM,1683.0,0,0.0,289204080.1500003
09:29:35 AM,1683.0,1,1683.0,289205763.1500003
09:29:36 AM,1683.05,0,0.0,289205763.1500003
09:29:36 AM,1683.05,46,77420.3,289283183.4500003
09:29:37 AM,1682.4,0,0.0,289283183.4500003
09:29:37 AM,1682.4,139,233853.6,289517037.0500003
09:29:38 AM,1682.35,0,0.0,289517037.0500003
09:29:38 AM,1682.35,28,47105.799999999996,289564142.8500003
09:29:39 AM,1683.0,0,0.0,289564142.8500003
09:29:39 AM,1683.0,43,72369.0,289636511.8500003
09:29:41 AM,1683.0,50,84150.0,289720661.8500003
09:29:42 AM,1682.35,0,0.0,289720661.8500003
09:29:42 AM,1682.35,111,186740.84999999998,289907402.70000035
09:29:42 AM,1682.3,0,0.0,289907402.70000035
09:29:42 AM,1682.3,1,1682.3,289909085.00000036
09:29:44 AM,1682.95,0,0.0,289909085.00000036
09:29:44 AM,1682.85,201,338252.85,290247337.8500004
09:29:45 AM,1682.05,0,0.0,290247337.8500004
09:29:45 AM,1682.05,46,77374.3,290324712.1500004
09:29:48 AM,1682.0,0,0.0,290324712.1500004
09:29:48 AM,1682.0,114,191748.0,290516460.1500004
09:29:51 AM,1682.0,140,235480.0,290751940.1500004
09:29:53 AM,1682.35,0,0.0,290751940.1500004
09:29:54 AM,1682.35,12,20188.199999999997,290772128.3500004
09:29:54 AM,1682.0,0,0.0,290772128.3500004
09:29:54 AM,1681.65,1057,1777504.05,292549632.4000004
09:29:56 AM,1681.95,0,0.0,292549632.4000004
09:29:56 AM,1681.95,4,6727.8,292556360.2000004
09:29:58 AM,1681.8,0,0.0,292556360.2000004
09:29:58 AM,1681.8,140,235452.0,292791812.2000004
09:29:59 AM,1681.6,0,0.0,292791812.2000004
09:29:59 AM,1682.3,175,294402.5,293086214.7000004
09:30:00 AM,1681.75,0,0.0,293086214.7000004
09:30:00 AM,1681.75,4,6727.0,293092941.7000004
09:30:00 AM,1681.75,115,193401.25,293286342.9500004
09:30:01 AM,1681.6,0,0.0,293286342.9500004
09:30:01 AM,1681.6,124,208518.4,293494861.3500004
09:30:02 AM,1682.15,0,0.0,293494861.3500004
09:30:02 AM,1682.15,2,3364.3,293498225.6500004
09:30:02 AM,1682.15,3,5046.450000000001,293503272.1000004
09:30:03 AM,1681.5,0,0.0,293503272.1000004
09:30:03 AM,1681.5,60,100890.0,293604162.1000004
09:30:04 AM,1681.4,0,0.0,293604162.1000004
09:30:04 AM,1681.4,125,210175.0,293814337.1000004
09:30:04 AM,1681.85,2,3363.7,293817700.80000037
09:30:06 AM,1682.0,0,0.0,293817700.80000037
09:30:06 AM,1682.0,1,1682.0,293819382.80000037
09:30:07 AM,1681.35,0,0.0,293819382.80000037
09:30:07 AM,1681.35,4,6725.4,293826108.20000035
09:30:08 AM,1681.2,0,0.0,293826108.20000035
09:30:08 AM,1681.85,0,0.0,293826108.20000035
09:30:08 AM,1681.85,156,262368.6,294088476.80000037
09:30:09 AM,1681.2,0,0.0,294088476.80000037
09:30:09 AM,1681.85,128,215276.8,294303753.6000004
09:30:10 AM,1681.2,2,3362.4,294307116.00000036
09:30:10 AM,1681.1,2,3362.2,294310478.20000035
09:30:11 AM,1681.1,1,1681.1,294312159.30000037
09:30:13 AM,1681.05,0,0.0,294312159.30000037
09:30:13 AM,1681.05,581,976690.0499999999,295288849.3500004
09:30:15 AM,1680.45,0,0.0,295288849.3500004
09:30:16 AM,1681.1,0,0.0,295288849.3500004
09:30:17 AM,1680.6,0,0.0,295288849.3500004
09:30:17 AM,1680.6,407,684004.2,295972853.55000037
09:30:18 AM,1681.0,0,0.0,295972853.55000037
09:30:19 AM,1680.35,0,0.0,295972853.55000037
09:30:19 AM,1680.35,171,287339.85,296260193.4000004
09:30:20 AM,1681.05,0,0.0,296260193.4000004
09:30:21 AM,1680.45,0,0.0,296260193.4000004
09:30:22 AM,1680.6,0,0.0,296260193.4000004
09:30:22 AM,1680.45,0,0.0,296260193.4000004
09:30:22 AM,1680.45,483,811657.35,297071850.7500004
09:30:24 AM,1680.5,0,0.0,297071850.7500004
09:30:24 AM,1680.5,161,270560.5,297342411.2500004
09:30:25 AM,1680.45,0,0.0,297342411.2500004
09:30:25 AM,1680.95,0,0.0,297342411.2500004
09:30:27 AM,1680.55,0,0.0,297342411.2500004
09:30:27 AM,1680.55,782,1314190.0999999999,298656601.35000044
09:30:28 AM,1680.95,0,0.0,298656601.35000044
09:30:28 AM,1680.55,0,0.0,298656601.35000044
09:30:29 AM,1680.55,127,213429.85,298870031.20000046
09:30:30 AM,1681.3,0,0.0,298870031.20000046
09:30:31 AM,1681.15,0,0.0,298870031.20000046
09:30:32 AM,1681.15,861,1447470.1500000001,300317501.35000044
09:30:33 AM,1681.2,0,0.0,300317501.35000044
09:30:34 AM,1681.2,108,181569.6,300499070.95000046
09:30:37 AM,1681.2,306,514447.2,301013518.15000045
09:30:38 AM,1682.0,0,0.0,301013518.15000045
09:30:39 AM,1681.55,0,0.0,301013518.15000045
09:30:39 AM,1681.6,491,825665.6,301839183.7500005
09:30:43 AM,1681.6,211,354817.6,302194001.3500005
09:30:43 AM,1681.4,0,0.0,302194001.3500005
09:30:44 AM,1681.35,0,0.0,302194001.3500005
09:30:44 AM,1681.3,148,248832.4,302442833.7500005
09:30:47 AM,1681.2,0,0.0,302442833.7500005
09:30:48 AM,1681.2,385,647262.0,303090095.7500005
09:30:49 AM,1681.25,0,0.0,303090095.7500005
09:30:49 AM,1681.15,0,0.0,303090095.7500005
09:30:50 AM,1681.3,587,986923.1,304077018.8500005
09:30:50 AM,1681.6,0,0.0,304077018.8500005
09:30:51 AM,1681.2,0,0.0,304077018.8500005
09:30:52 AM,1681.15,0,0.0,304077018.8500005
09:30:53 AM,1681.15,182,305969.3,304382988.1500005
09:30:55 AM,1681.1,191,321090.1,304704078.25000054
09:30:56 AM,1680.45,0,0.0,304704078.25000054
09:30:58 AM,1680.2,0,0.0,304704078.25000054
09:30:58 AM,1680.2,1075,1806215.0,306510293.25000054
09:30:59 AM,1680.6,0,0.0,306510293.25000054
09:31:00 AM,1680.85,0,0.0,306510293.25000054
09:31:00 AM,1680.85,601,1010190.85,307520484.10000056
09:31:01 AM,1680.25,0,0.0,307520484.10000056
09:31:02 AM,1680.6,0,0.0,307520484.10000056
09:31:03 AM,1680.3,0,0.0,307520484.10000056
09:31:03 AM,1680.3,13,21843.899999999998,307542328.00000054
09:31:04 AM,1680.4,0,0.0,307542328.00000054
09:31:04 AM,1680.1,0,0.0,307542328.00000054
09:31:05 AM,1680.3,164,275569.2,307817897.2000005
09:31:07 AM,1680.45,0,0.0,307817897.2000005
09:31:08 AM,1679.75,1063,1785574.25,309603471.4500005
09:31:09 AM,1679.2,0,0.0,309603471.4500005
09:31:09 AM,1679.65,0,0.0,309603471.4500005
09:31:10 AM,1679.2,119,199824.80000000002,309803296.25000054
09:31:11 AM,1679.0,149,250171.0,310053467.25000054
09:31:12 AM,1679.05,7,11753.35,310065220.60000056
09:31:13 AM,1679.0,1,1679.0,310066899.60000056
09:31:14 AM,1679.55,0,0.0,310066899.60000056
09:31:14 AM,1679.55,50,83977.5,310150877.10000056
09:31:15 AM,1679.75,0,0.0,310150877.10000056
09:31:15 AM,1679.75,268,450173.0,310601050.10000056
09:31:16 AM,1679.25,0,0.0,310601050.10000056
09:31:16 AM,1679.35,0,0.0,310601050.10000056
09:31:16 AM,1679.35,90,151141.5,310752191.60000056
09:31:17 AM,1680.05,0,0.0,310752191.60000056
09:31:17 AM,1680.05,182,305769.1,311057960.7000006
09:31:18 AM,1680.3,100,168030.0,311225990.7000006
09:31:18 AM,1679.85,0,0.0,311225990.7000006
09:31:18 AM,1680.35,186,312545.1,311538535.8000006
09:31:19 AM,1680.2,0,0.0,311538535.8000006
09:31:19 AM,1680.2,5,8401.0,311546936.8000006
09:31:21 AM,1680.65,11,18487.15,311565423.9500006
09:31:22 AM,1680.2,0,0.0,311565423.9500006
09:31:22 AM,1680.2,2,3360.4,311568784.35000056
09:31:24 AM,1680.65,0,0.0,311568784.35000056
09:31:24 AM,1681.1,300,504330.0,312073114.35000056
09:31:25 AM,1681.3,69,116009.7,312189124.05000055
09:31:26 AM,1681.4,78,131149.2,312320273.25000054
09:31:27 AM,1681.3,1,1681.3,312321954.55000055
09:31:29 AM,1681.3,21,35307.299999999996,312357261.85000056
09:31:30 AM,1681.4,5,8407.0,312365668.85000056
09:31:32 AM,1681.3,0,0.0,312365668.85000056
09:31:32 AM,1681.3,114,191668.19999999998,312557337.05000055
09:31:32 AM,1678.85,2638,4428806.3,316986143.35000056
09:31:33 AM,1679.65,0,0.0,316986143.35000056
09:31:33 AM,1679.65,309,519011.85000000003,317505155.2000006
09:31:33 AM,1678.85,568,953586.7999999999,318458742.0000006
09:31:34 AM,1678.85,60,100731.0,318559473.0000006
09:31:34 AM,1678.75,458,768867.5,319328340.5000006
09:31:35 AM,1678.75,3,5036.25,319333376.7500006
09:31:35 AM,1679.35,200,335870.0,319669246.7500006
09:31:36 AM,1679.25,0,0.0,319669246.7500006
09:31:36 AM,1679.05,208,349242.39999999997,320018489.1500006
09:31:37 AM,1678.9,3,5036.700000000001,320023525.85000056
09:31:37 AM,1679.05,1,1679.05,320025204.9000006
09:31:38 AM,1680.05,263,441853.14999999997,320467058.05000055
09:31:39 AM,1680.05,20,33601.0,320500659.05000055
09:31:40 AM,1679.05,0,0.0,320500659.05000055
09:31:40 AM,1679.2,0,0.0,320500659.05000055
09:31:40 AM,1679.2,254,426516.8,320927175.85000056
09:31:41 AM,1679.2,30,50376.0,320977551.85000056
09:31:41 AM,1678.65,69,115826.85,321093378.7000006
09:31:42 AM,1679.05,0,0.0,321093378.7000006
09:31:42 AM,1679.05,3,5037.15,321098415.85000056
09:31:43 AM,1678.65,10,16786.5,321115202.35000056
09:31:44 AM,1679.05,0,0.0,321115202.35000056
09:31:44 AM,1679.45,0,0.0,321115202.35000056
09:31:44 AM,1679.45,363,609640.35,321724842.7000006
09:31:45 AM,1679.4,50,83970.0,321808812.7000006
09:31:46 AM,1679.9,5,8399.5,321817212.2000006
09:31:47 AM,1679.85,30,50395.5,321867607.7000006
09:31:48 AM,1679.8,10,16798.0,321884405.7000006
09:31:49 AM,1679.8,27,45354.6,321929760.3000006
09:31:49 AM,1680.2,0,0.0,321929760.3000006
09:31:49 AM,1679.9,903,1516949.7000000002,323446710.0000006
09:31:50 AM,1679.95,0,0.0,323446710.0000006
09:31:50 AM,1679.45,14,23512.3,323470222.3000006
09:31:51 AM,1679.95,0,0.0,323470222.3000006
09:31:51 AM,1679.95,54,90717.3,323560939.6000006
09:31:52 AM,1680.5,0,0.0,323560939.6000006
09:31:52 AM,1679.85,0,0.0,323560939.6000006
09:31:52 AM,1680.3,897,1507229.0999999999,325068168.70000064
09:31:53 AM,1680.2,11,18482.2,325086650.90000063
09:31:53 AM,1680.8,873,1467338.4,326553989.3000006
09:31:54 AM,1680.45,3,5041.35,326559030.65000063
09:31:58 AM,1680.7,0,0.0,326559030.65000063
09:31:58 AM,1680.7,3,5042.1,326564072.75000066
09:31:58 AM,1680.6,0,0.0,326564072.75000066
09:31:59 AM,1680.8,0,0.0,326564072.75000066
09:31:59 AM,1680.8,340,571472.0,327135544.75000066
09:32:00 AM,1681.35,0,0.0,327135544.75000066
09:32:00 AM,1681.35,250,420337.5,327555882.25000066
09:32:01 AM,1680.9,0,0.0,327555882.25000066
09:32:01 AM,1680.9,345,579910.5,328135792.75000066
09:32:02 AM,1680.85,0,0.0,328135792.75000066
09:32:02 AM,1680.85,250,420212.5,328556005.25000066
09:32:03 AM,1680.6,0,0.0,328556005.25000066
09:32:03 AM,1680.6,250,420150.0,328976155.25000066
09:32:04 AM,1679.45,725,1217601.25,330193756.50000066
09:32:05 AM,1680.05,0,0.0,330193756.50000066
09:32:05 AM,1680.05,250,420012.5,330613769.00000066
09:32:05 AM,1679.95,381,640060.9500000001,331253829.95000064
09:32:06 AM,1679.9,0,0.0,331253829.95000064
09:32:06 AM,1679.2,75,125940.0,331379769.95000064
09:32:06 AM,1679.9,293,492210.7,331871980.65000063
09:32:07 AM,1680.0,52,87360.0,331959340.65000063
09:32:07 AM,1680.05,250,420012.5,332379353.15000063
09:32:08 AM,1680.05,36,60481.799999999996,332439834.95000064
09:32:08 AM,1680.05,38,63841.9,332503676.8500006
09:32:09 AM,1680.05,81,136084.05,332639760.90000063
09:32:10 AM,1680.05,54,90722.7,332730483.6000006
09:32:11 AM,1679.45,37,62139.65,332792623.2500006
09:32:12 AM,1680.05,0,0.0,332792623.2500006
09:32:12 AM,1679.6,98,164600.8,332957224.0500006
09:32:13 AM,1679.85,42,70553.7,333027777.7500006
09:32:14 AM,1680.05,0,0.0,333027777.7500006
09:32:14 AM,1680.2,42,70568.40000000001,333098346.1500006
09:32:15 AM,1679.65,232,389678.80000000005,333488024.9500006
09:32:16 AM,1679.55,225,377898.75,333865923.7000006
09:32:17 AM,1679.0,282,473478.0,334339401.7000006
09:32:18 AM,1679.1,0,0.0,334339401.7000006
09:32:18 AM,1677.45,5560,9326622.0,343666023.7000006
09:32:19 AM,1678.65,563,945079.9500000001,344611103.6500006
09:32:20 AM,1678.65,17,28537.050000000003,344639640.7000006
09:32:21 AM,1678.8,0,0.0,344639640.7000006
09:32:21 AM,1678.2,24,40276.8,344679917.5000006
09:32:22 AM,1678.8,0,0.0,344679917.5000006
09:32:22 AM,1678.25,382,641091.5,345321009.0000006
09:32:23 AM,1678.8,69,115837.2,345436846.2000006
09:32:24 AM,1678.25,0,0.0,345436846.2000006
09:32:24 AM,1679.05,567,952021.35,346388867.5500006
09:32:24 AM,1679.55,146,245214.3,346634081.8500006
09:32:26 AM,1679.75,0,0.0,346634081.8500006
09:32:26 AM,1679.75,27,45353.25,346679435.1000006
09:32:27 AM,1679.75,31,52072.25,346731507.3500006
09:32:28 AM,1679.75,34,57111.5,346788618.8500006
09:32:30 AM,1679.05,189,317340.45,347105959.3000006
09:32:32 AM,1679.35,0,0.0,347105959.3000006
09:32:32 AM,1679.1,0,0.0,347105959.3000006
09:32:32 AM,1679.05,157,263610.85,347369570.15000063
09:32:32 AM,1678.95,3,5036.85,347374607.00000066
09:32:33 AM,1679.25,0,0.0,347374607.00000066
09:32:33 AM,1679.35,41,68853.34999999999,347443460.3500007
09:32:34 AM,1678.9,0,0.0,347443460.3500007
09:32:34 AM,1679.25,99,166245.75,347609706.1000007
09:32:34 AM,1679.3,54,90682.2,347700388.30000067
09:32:35 AM,1679.4,54,90687.6,347791075.9000007
09:32:36 AM,1679.45,0,0.0,347791075.9000007
09:32:36 AM,1679.4,0,0.0,347791075.9000007
09:32:36 AM,1679.4,55,92367.0,347883442.9000007
09:32:36 AM,1679.45,46,77254.7,347960697.6000007
09:32:37 AM,1679.0,0,0.0,347960697.6000007
09:32:37 AM,1679.0,63,105777.0,348066474.6000007
09:32:38 AM,1679.45,0,0.0,348066474.6000007
09:32:38 AM,1679.45,143,240161.35,348306635.9500007
09:32:38 AM,1679.25,21,35264.25,348341900.2000007
09:32:39 AM,1678.95,58,97379.1,348439279.3000007
09:32:41 AM,1678.45,0,0.0,348439279.3000007
09:32:41 AM,1678.45,370,621026.5,349060305.8000007
09:32:41 AM,1679.3,81,136023.3,349196329.10000074
09:32:42 AM,1679.3,81,136023.3,349332352.40000075
09:32:42 AM,1679.55,81,136043.55,349468395.95000076
09:32:43 AM,1679.7,200,335940.0,349804335.95000076
09:32:44 AM,1680.0,12,20160.0,349824495.95000076
09:32:45 AM,1680.0,98,164640.0,349989135.95000076
09:32:45 AM,1680.2,81,136096.2,350125232.15000075
09:32:46 AM,1679.55,0,0.0,350125232.15000075
09:32:46 AM,1679.55,27,45347.85,350170580.0000008
09:32:46 AM,1680.15,177,297386.55,350467966.5500008
09:32:47 AM,1680.1,112,188171.19999999998,350656137.7500008
09:32:48 AM,1680.15,0,0.0,350656137.7500008
09:32:48 AM,1680.15,37,62165.55,350718303.3000008
09:32:48 AM,1679.65,8,13437.2,350731740.5000008
09:32:49 AM,1680.15,0,0.0,350731740.5000008
09:32:49 AM,1679.7,204,342658.8,351074399.3000008
09:32:50 AM,1680.25,162,272200.5,351346599.8000008
09:32:51 AM,1680.3,0,0.0,351346599.8000008
09:32:51 AM,1680.3,81,136104.3,351482704.1000008
09:32:51 AM,1680.3,45,75613.5,351558317.6000008
09:32:52 AM,1680.3,57,95777.09999999999,351654094.7000008
09:32:53 AM,1680.45,0,0.0,351654094.7000008
09:32:53 AM,1680.45,108,181488.6,351835583.30000085
09:32:53 AM,1679.85,10,16798.5,351852381.80000085
09:32:54 AM,1680.15,0,0.0,351852381.80000085
09:32:54 AM,1680.15,137,230180.55000000002,352082562.35000086
09:32:54 AM,1680.2,36,60487.200000000004,352143049.55000085
09:32:55 AM,1679.75,0,0.0,352143049.55000085
09:32:55 AM,1679.75,6,10078.5,352153128.05000085
09:32:55 AM,1680.25,0,0.0,352153128.05000085
09:32:55 AM,1680.35,108,181477.8,352334605.85000086
09:32:56 AM,1679.6,13,21834.8,352356440.6500009
09:32:57 AM,1679.5,0,0.0,352356440.6500009
09:32:57 AM,1679.5,60,100770.0,352457210.6500009
09:32:58 AM,1680.1,1,1680.1,352458890.7500009
09:32:59 AM,1680.15,0,0.0,352458890.7500009
09:33:00 AM,1680.15,92,154573.80000000002,352613464.5500009
09:33:00 AM,1680.0,25,42000.0,352655464.5500009
09:33:01 AM,1680.15,144,241941.6,352897406.15000093
09:33:02 AM,1679.75,126,211648.5,353109054.65000093
09:33:03 AM,1680.15,0,0.0,353109054.65000093
09:33:03 AM,1680.15,47,78967.05,353188021.70000094
09:33:03 AM,1679.8,9,15118.199999999999,353203139.90000093
09:33:04 AM,1680.15,0,0.0,353203139.90000093
09:33:04 AM,1680.15,162,272184.3,353475324.20000094
09:33:04 AM,1680.2,185,310837.0,353786161.20000094
09:33:05 AM,1680.2,30,50406.0,353836567.20000094
09:33:05 AM,1680.3,29,48728.7,353885295.90000093
09:33:06 AM,1680.3,5,8401.5,353893697.40000093
09:33:06 AM,1680.3,131,220119.3,354113816.70000094
09:33:07 AM,1680.45,23,38650.35,354152467.05000097
09:33:08 AM,1680.35,0,0.0,354152467.05000097
09:33:08 AM,1680.35,7,11762.449999999999,354164229.50000095
09:33:09 AM,1680.55,0,0.0,354164229.50000095
09:33:09 AM,1680.15,275,462041.25,354626270.75000095
09:33:09 AM,1680.55,41,68902.55,354695173.30000097
09:33:10 AM,1680.55,54,90749.7,354785923.00000095
09:33:10 AM,1680.65,54,90755.1,354876678.100001
09:33:11 AM,1680.7,108,181515.6,355058193.700001
09:33:12 AM,1680.7,106,178154.2,355236347.900001
09:33:14 AM,1680.7,25,42017.5,355278365.400001
09:33:15 AM,1680.7,3,5042.1,355283407.500001
09:33:15 AM,1680.15,20,33603.0,355317010.500001
09:33:16 AM,1680.5,0,0.0,355317010.500001
09:33:16 AM,1680.05,49,82322.45,355399332.950001
09:33:17 AM,1679.9,0,0.0,355399332.950001
09:33:17 AM,1679.8,220,369556.0,355768888.950001
09:33:19 AM,1680.0,0,0.0,355768888.950001
09:33:20 AM,1680.1,54,90725.4,355859614.350001
09:33:21 AM,1680.0,0,0.0,355859614.350001
09:33:21 AM,1680.0,10,16800.0,355876414.350001
09:33:22 AM,1679.4,1,1679.4,355878093.75000095
09:33:22 AM,1680.1,0,0.0,355878093.75000095
09:33:22 AM,1680.1,2,3360.2,355881453.95000094
09:33:25 AM,1680.1,50,84005.0,355965458.95000094
09:33:26 AM,1679.7,0,0.0,355965458.95000094
09:33:26 AM,1679.65,120,201558.0,356167016.95000094
09:33:27 AM,1679.6,0,0.0,356167016.95000094
09:33:27 AM,1679.6,71,119251.59999999999,356286268.55000097
09:33:29 AM,1679.65,0,0.0,356286268.55000097
09:33:30 AM,1679.65,3,5038.950000000001,356291307.50000095
09:33:31 AM,1679.6,0,0.0,356291307.50000095
09:33:31 AM,1679.5,218,366131.0,356657438.50000095
09:33:32 AM,1679.95,20,33599.0,356691037.50000095
09:33:34 AM,1679.3,0,0.0,356691037.50000095
09:33:34 AM,1679.3,141,236781.3,356927818.80000097
09:33:35 AM,1679.35,11,18472.85,356946291.650001
09:33:39 AM,1679.35,152,255261.19999999998,357201552.850001
09:33:42 AM,1679.1,0,0.0,357201552.850001
09:33:42 AM,1679.1,288,483580.8,357685133.650001
09:33:43 AM,1679.0,0,0.0,357685133.650001
09:33:43 AM,1679.0,10,16790.0,357701923.650001
09:33:43 AM,1678.7,6,10072.2,357711995.850001
09:33:46 AM,1677.95,95,159405.25,357871401.100001
09:33:48 AM,1678.0,0,0.0,357871401.100001
09:33:49 AM,1678.05,73,122497.65,357993898.75000095
09:33:50 AM,1678.6,22,36929.2,358030827.95000094
09:33:51 AM,1678.0,140,234920.0,358265747.95000094
09:33:53 AM,1678.55,0,0.0,358265747.95000094
09:33:53 AM,1678.55,60,100713.0,358366460.95000094
09:33:54 AM,1677.9,115,192958.5,358559419.45000094
09:33:54 AM,1678.0,0,0.0,358559419.45000094
09:33:54 AM,1678.0,4,6712.0,358566131.45000094
09:33:57 AM,1678.0,200,335600.0,358901731.45000094
09:33:58 AM,1677.95,145,243302.75,359145034.20000094
09:33:59 AM,1677.8,113,189591.4,359334625.6000009
09:34:00 AM,1677.8,20,33556.0,359368181.6000009
09:34:01 AM,1677.15,62,103983.3,359472164.90000093
09:34:01 AM,1677.15,3,5031.450000000001,359477196.3500009
09:34:03 AM,1677.15,2,3354.3,359480550.65000093
09:34:04 AM,1677.1,0,0.0,359480550.65000093
09:34:05 AM,1677.1,13,21802.3,359502352.95000094
09:34:05 AM,1676.85,0,0.0,359502352.95000094
09:34:05 AM,1676.85,874,1465566.9,360967919.8500009
09:34:06 AM,1676.45,183,306790.35000000003,361274710.20000094
09:34:06 AM,1676.75,16,26828.0,361301538.20000094
09:34:06 AM,1676.75,24,40242.0,361341780.20000094
09:34:06 AM,1676.8,27,45273.6,361387053.80000097
09:34:07 AM,1676.75,0,0.0,361387053.80000097
09:34:07 AM,1676.8,592,992665.6,362379719.400001
09:34:07 AM,1676.95,3,5030.85,362384750.250001
09:34:08 AM,1677.05,1,1677.05,362386427.300001
09:34:09 AM,1677.0,0,0.0,362386427.300001
09:34:09 AM,1677.0,278,466206.0,362852633.300001
09:34:09 AM,1677.0,100,167700.0,363020333.300001
09:34:10 AM,1677.0,289,484653.0,363504986.300001
09:34:11 AM,1677.0,250,419250.0,363924236.300001
09:34:11 AM,1677.6,0,0.0,363924236.300001
09:34:11 AM,1678.25,0,0.0,363924236.300001
09:34:12 AM,1677.45,0,0.0,363924236.300001
09:34:13 AM,1677.3,0,0.0,363924236.300001
09:34:14 AM,1677.0,0,0.0,363924236.300001
09:34:14 AM,1677.0,1128,1891656.0,365815892.300001
09:34:15 AM,1676.75,0,0.0,365815892.300001
09:34:16 AM,1677.0,0,0.0,365815892.300001
09:34:16 AM,1677.0,585,981045.0,366796937.300001
09:34:17 AM,1676.8,0,0.0,366796937.300001
09:34:17 AM,1676.95,0,0.0,366796937.300001
09:34:18 AM,1676.75,0,0.0,366796937.300001
09:34:18 AM,1677.15,0,0.0,366796937.300001
09:34:19 AM,1676.75,0,0.0,366796937.300001
09:34:19 AM,1677.0,785,1316445.0,368113382.300001
09:34:20 AM,1676.8,0,0.0,368113382.300001
09:34:21 AM,1676.8,15,25152.0,368138534.300001
09:34:24 AM,1676.75,0,0.0,368138534.300001
09:34:25 AM,1676.75,156,261573.0,368400107.300001
09:34:26 AM,1676.8,0,0.0,368400107.300001
09:34:26 AM,1677.15,13,21802.95,368421910.250001
09:34:28 AM,1676.8,0,0.0,368421910.250001
09:34:29 AM,1676.75,0,0.0,368421910.250001
09:34:30 AM,1676.75,33,55332.75,368477243.000001
09:34:32 AM,1676.95,343,575193.85,369052436.85000104
09:34:33 AM,1676.75,0,0.0,369052436.85000104
09:34:35 AM,1676.75,656,1099948.0,370152384.85000104
09:34:37 AM,1676.45,142,238055.9,370390440.750001
09:34:39 AM,1676.15,0,0.0,370390440.750001
09:34:40 AM,1676.35,0,0.0,370390440.750001
09:34:41 AM,1676.35,235,393942.25,370784383.000001
09:34:42 AM,1676.15,0,0.0,370784383.000001
09:34:43 AM,1676.15,74,124035.1,370908418.10000104
09:34:43 AM,1676.0,0,0.0,370908418.10000104
09:34:45 AM,1676.15,0,0.0,370908418.10000104
09:34:46 AM,1676.35,0,0.0,370908418.10000104
09:34:46 AM,1676.25,0,0.0,370908418.10000104
09:34:46 AM,1676.3,0,0.0,370908418.10000104
09:34:46 AM,1676.4,864,1448409.6,372356827.70000106
09:34:47 AM,1677.05,0,0.0,372356827.70000106
09:34:48 AM,1676.4,0,0.0,372356827.70000106
09:34:48 AM,1676.4,34,56997.600000000006,372413825.3000011
09:34:50 AM,1676.35,0,0.0,372413825.3000011
09:34:52 AM,1676.35,46,77112.09999999999,372490937.4000011
09:34:56 AM,1676.15,0,0.0,372490937.4000011
09:34:57 AM,1676.05,0,0.0,372490937.4000011
09:34:57 AM,1676.05,181,303365.05,372794302.4500011
09:34:58 AM,1676.0,0,0.0,372794302.4500011
09:34:59 AM,1676.0,72,120672.0,372914974.4500011
09:35:02 AM,1676.0,124,207824.0,373122798.4500011
09:35:03 AM,1675.95,0,0.0,373122798.4500011
09:35:04 AM,1675.9,0,0.0,373122798.4500011
09:35:04 AM,1675.9,249,417299.10000000003,373540097.55000114
09:35:07 AM,1675.55,0,0.0,373540097.55000114
09:35:07 AM,1675.5,0,0.0,373540097.55000114
09:35:07 AM,1675.5,2817,4719883.5,378259981.05000114
09:35:08 AM,1675.75,0,0.0,378259981.05000114
09:35:09 AM,1675.85,0,0.0,378259981.05000114
09:35:09 AM,1675.6,153,256366.8,378516347.85000116
09:35:10 AM,1675.85,0,0.0,378516347.85000116
09:35:11 AM,1675.6,0,0.0,378516347.85000116
09:35:12 AM,1675.6,383,641754.7999999999,379158102.65000117
09:35:13 AM,1675.8,0,0.0,379158102.65000117
09:35:13 AM,1675.6,0,0.0,379158102.65000117
09:35:15 AM,1675.6,4,6702.4,379164805.05000114
09:35:15 AM,1675.8,0,0.0,379164805.05000114
09:35:16 AM,1675.65,0,0.0,379164805.05000114
09:35:18 AM,1675.8,0,0.0,379164805.05000114
09:35:18 AM,1675.8,479,802708.2,379967513.25000113
09:35:19 AM,1676.0,0,0.0,379967513.25000113
09:35:20 AM,1675.65,0,0.0,379967513.25000113
09:35:20 AM,1675.65,162,271455.3,380238968.55000114
09:35:21 AM,1676.2,0,0.0,380238968.55000114
09:35:21 AM,1675.65,0,0.0,380238968.55000114
09:35:23 AM,1675.65,28,46918.200000000004,380285886.75000113
09:35:25 AM,1675.85,0,0.0,380285886.75000113
09:35:25 AM,1675.85,40,67034.0,380352920.75000113
09:35:26 AM,1675.65,0,0.0,380352920.75000113
09:35:29 AM,1675.5,239,400444.5,380753365.25000113
09:35:31 AM,1675.65,0,0.0,380753365.25000113
09:35:31 AM,1676.2,367,615165.4,381368530.6500011
09:35:32 AM,1675.85,0,0.0,381368530.6500011
09:35:34 AM,1676.7,0,0.0,381368530.6500011
09:35:34 AM,1676.7,1095,1835986.5,383204517.1500011
09:35:37 AM,1676.75,0,0.0,383204517.1500011
09:35:37 AM,1676.25,0,0.0,383204517.1500011
09:35:38 AM,1677.4,0,0.0,383204517.1500011
09:35:39 AM,1676.85,0,0.0,383204517.1500011
09:35:40 AM,1676.85,929,1557793.65,384762310.8000011
09:35:40 AM,1677.05,0,0.0,384762310.8000011
09:35:42 AM,1677.05,21,35218.049999999996,384797528.8500011
09:35:45 AM,1677.05,548,919023.4,385716552.2500011
09:35:47 AM,1677.05,160,268328.0,385984880.2500011
09:35:50 AM,1677.45,0,0.0,385984880.2500011
09:35:51 AM,1677.45,39,65420.55,386050300.8000011
09:35:52 AM,1677.05,0,0.0,386050300.8000011
09:35:52 AM,1676.95,195,327005.25,386377306.0500011
09:35:54 AM,1676.7,0,0.0,386377306.0500011
09:35:56 AM,1676.7,102,171023.4,386548329.45000106
09:35:57 AM,1677.2,0,0.0,386548329.45000106
09:35:58 AM,1677.2,3,5031.6,386553361.0500011
09:35:59 AM,1676.65,0,0.0,386553361.0500011
09:36:00 AM,1676.4,0,0.0,386553361.0500011
09:36:01 AM,1676.4,135,226314.0,386779675.0500011
09:36:01 AM,1676.75,0,0.0,386779675.0500011
09:36:03 AM,1676.6,0,0.0,386779675.0500011
09:36:03 AM,1676.6,16,26825.6,386806500.6500011
09:36:04 AM,1676.65,0,0.0,386806500.6500011
09:36:05 AM,1676.7,0,0.0,386806500.6500011
09:36:06 AM,1676.7,25,41917.5,386848418.1500011
09:36:07 AM,1676.8,0,0.0,386848418.1500011
09:36:07 AM,1676.85,0,0.0,386848418.1500011
09:36:08 AM,1676.85,140,234759.0,387083177.1500011
09:36:10 AM,1676.8,0,0.0,387083177.1500011
09:36:11 AM,1677.2,0,0.0,387083177.1500011
09:36:11 AM,1677.2,220,368984.0,387452161.1500011
09:36:13 AM,1676.85,0,0.0,387452161.1500011
09:36:13 AM,1676.85,24,40244.399999999994,387492405.5500011
09:36:16 AM,1677.2,0,0.0,387492405.5500011
09:36:16 AM,1677.2,123,206295.6,387698701.1500011
09:36:20 AM,1677.0,0,0.0,387698701.1500011
09:36:22 AM,1677.0,3,5031.0,387703732.1500011
09:36:22 AM,1676.85,0,0.0,387703732.1500011
09:36:22 AM,1676.75,0,0.0,387703732.1500011
09:36:24 AM,1677.35,0,0.0,387703732.1500011
09:36:24 AM,1677.35,463,776613.0499999999,388480345.2000011
09:36:25 AM,1677.4,0,0.0,388480345.2000011
09:36:27 AM,1677.4,172,288512.8,388768858.00000113
09:36:27 AM,1677.2,0,0.0,388768858.00000113
09:36:29 AM,1677.2,7,11740.4,388780598.4000011
09:36:30 AM,1677.15,0,0.0,388780598.4000011
09:36:31 AM,1677.2,0,0.0,388780598.4000011
09:36:32 AM,1677.2,3,5031.6,388785630.00000113
09:36:35 AM,1677.15,0,0.0,388785630.00000113
09:36:36 AM,1677.2,0,0.0,388785630.00000113
09:36:37 AM,1677.0,0,0.0,388785630.00000113
09:36:37 AM,1676.85,0,0.0,388785630.00000113
09:36:37 AM,1677.05,552,925731.6,389711361.60000116
09:36:39 AM,1676.8,182,305177.6,390016539.2000012
09:36:40 AM,1677.05,0,0.0,390016539.2000012
09:36:42 AM,1676.65,0,0.0,390016539.2000012
09:36:43 AM,1676.65,467,782995.55,390799534.7500012
09:36:44 AM,1676.6,0,0.0,390799534.7500012
09:36:44 AM,1676.6,105,176043.0,390975577.7500012
09:36:50 AM,1676.6,5,8383.0,390983960.7500012
09:36:52 AM,1676.2,0,0.0,390983960.7500012
09:36:52 AM,1675.9,0,0.0,390983960.7500012
09:36:53 AM,1676.85,0,0.0,390983960.7500012
09:36:53 AM,1676.85,978,1639959.2999999998,392623920.0500012
09:36:54 AM,1676.6,0,0.0,392623920.0500012
09:36:55 AM,1676.65,0,0.0,392623920.0500012
09:36:55 AM,1676.65,1046,1753775.9000000001,394377695.9500012
09:37:00 AM,1675.5,0,0.0,394377695.9500012
09:37:00 AM,1675.5,54,90477.0,394468172.9500012
09:37:01 AM,1675.9,0,0.0,394468172.9500012
09:37:02 AM,1675.35,0,0.0,394468172.9500012
09:37:03 AM,1675.35,408,683542.7999999999,395151715.7500012
09:37:04 AM,1675.05,0,0.0,395151715.7500012
09:37:05 AM,1675.05,174,291458.7,395443174.4500012
09:37:08 AM,1675.0,0,0.0,395443174.4500012
09:37:09 AM,1675.0,214,358450.0,395801624.4500012
09:37:10 AM,1675.05,0,0.0,395801624.4500012
09:37:11 AM,1674.75,874,1463731.5,397265355.9500012
09:37:13 AM,1675.15,0,0.0,397265355.9500012
09:37:14 AM,1675.15,389,651633.3500000001,397916989.3000012
09:37:14 AM,1675.05,0,0.0,397916989.3000012
09:37:15 AM,1674.5,0,0.0,397916989.3000012
09:37:16 AM,1674.8,0,0.0,397916989.3000012
09:37:16 AM,1674.8,1135,1900898.0,399817887.3000012
09:37:17 AM,1674.15,0,0.0,399817887.3000012
09:37:19 AM,1674.2,0,0.0,399817887.3000012
09:37:19 AM,1674.2,924,1546960.8,401364848.1000012
09:37:20 AM,1675.7,0,0.0,401364848.1000012
09:37:21 AM,1675.3,0,0.0,401364848.1000012
09:37:21 AM,1675.3,2612,4375883.6,405740731.70000124
09:37:24 AM,1675.35,0,0.0,405740731.70000124
09:37:25 AM,1675.35,5,8376.75,405749108.45000124
09:37:25 AM,1675.6,0,0.0,405749108.45000124
09:37:27 AM,1675.6,44,73726.4,405822834.8500012
09:37:29 AM,1675.1,0,0.0,405822834.8500012
09:37:30 AM,1675.35,0,0.0,405822834.8500012
09:37:30 AM,1675.35,1165,1951782.75,407774617.6000012
09:37:31 AM,1674.8,0,0.0,407774617.6000012
09:37:32 AM,1675.05,0,0.0,407774617.6000012
09:37:32 AM,1675.05,574,961478.7,408736096.3000012
09:37:33 AM,1674.6,0,0.0,408736096.3000012
09:37:35 AM,1675.0,0,0.0,408736096.3000012
09:37:35 AM,1675.0,422,706850.0,409442946.3000012
09:37:36 AM,1674.65,0,0.0,409442946.3000012
09:37:37 AM,1674.6,0,0.0,409442946.3000012
09:37:37 AM,1674.8,255,427074.0,409870020.3000012
09:37:39 AM,1674.6,0,0.0,409870020.3000012
09:37:40 AM,1674.8,0,0.0,409870020.3000012
09:37:41 AM,1674.8,127,212699.6,410082719.9000012
09:37:42 AM,1674.75,0,0.0,410082719.9000012
09:37:43 AM,1674.15,367,614413.05,410697132.95000124
09:37:45 AM,1674.8,0,0.0,410697132.95000124
09:37:46 AM,1674.8,1,1674.8,410698807.75000125
09:37:46 AM,1674.15,0,0.0,410698807.75000125
09:37:48 AM,1674.15,137,229358.55000000002,410928166.30000126
09:37:48 AM,1674.3,0,0.0,410928166.30000126
09:37:51 AM,1674.3,69,115526.7,411043693.00000125
09:37:51 AM,1674.15,0,0.0,411043693.00000125
09:37:52 AM,1674.45,0,0.0,411043693.00000125
09:37:52 AM,1674.15,0,0.0,411043693.00000125
09:37:53 AM,1674.15,555,929153.25,411972846.25000125
09:37:54 AM,1674.05,0,0.0,411972846.25000125
09:37:56 AM,1674.3,0,0.0,411972846.25000125
09:37:56 AM,1674.3,159,266213.7,412239059.95000124
09:37:57 AM,1674.5,0,0.0,412239059.95000124
09:37:58 AM,1674.4,0,0.0,412239059.95000124
09:37:58 AM,1674.45,568,951087.6,413190147.55000126
09:37:59 AM,1675.0,0,0.0,413190147.55000126
09:38:00 AM,1674.35,0,0.0,413190147.55000126
09:38:01 AM,1674.35,59,98786.65,413288934.20000124
09:38:01 AM,1674.45,0,0.0,413288934.20000124
09:38:03 AM,1674.45,110,184189.5,413473123.70000124
09:38:03 AM,1674.95,0,0.0,413473123.70000124
09:38:06 AM,1674.95,52,87097.40000000001,413560221.1000012
09:38:09 AM,1674.9,0,0.0,413560221.1000012
09:38:10 AM,1674.3,0,0.0,413560221.1000012
09:38:11 AM,1674.3,102,170778.6,413730999.70000124
09:38:13 AM,1674.85,0,0.0,413730999.70000124
09:38:13 AM,1674.85,83,139012.55,413870012.25000125
09:38:14 AM,1674.3,0,0.0,413870012.25000125
09:38:17 AM,1674.3,3,5022.9,413875035.1500012
09:38:18 AM,1674.3,130,217659.0,414092694.1500012
09:38:22 AM,1674.3,22,36834.6,414129528.75000125
09:38:23 AM,1674.65,0,0.0,414129528.75000125
09:38:23 AM,1674.65,48,80383.20000000001,414209911.95000124
09:38:24 AM,1675.0,0,0.0,414209911.95000124
09:38:25 AM,1674.65,0,0.0,414209911.95000124
09:38:26 AM,1675.25,0,0.0,414209911.95000124
09:38:27 AM,1674.55,789,1321219.95,415531131.9000012
09:38:30 AM,1675.15,0,0.0,415531131.9000012
09:38:32 AM,1675.15,10,16751.5,415547883.4000012
09:38:32 AM,1675.3,0,0.0,415547883.4000012
09:38:32 AM,1675.15,0,0.0,415547883.4000012
09:38:33 AM,1674.95,0,0.0,415547883.4000012
09:38:33 AM,1674.95,150,251242.5,415799125.9000012
09:38:36 AM,1675.15,0,0.0,415799125.9000012
09:38:37 AM,1675.15,5,8375.75,415807501.6500012
09:38:37 AM,1674.95,0,0.0,415807501.6500012
09:38:39 AM,1674.95,20,33499.0,415841000.6500012
09:38:42 AM,1674.95,155,259617.25,416100617.9000012
09:38:44 AM,1674.9,0,0.0,416100617.9000012
09:38:46 AM,1674.6,0,0.0,416100617.9000012
09:38:47 AM,1674.6,26,43539.6,416144157.50000125
09:38:47 AM,1674.55,0,0.0,416144157.50000125
09:38:49 AM,1674.55,130,217691.5,416361849.00000125
09:38:50 AM,1674.5,0,0.0,416361849.00000125
09:38:51 AM,1674.55,0,0.0,416361849.00000125
09:38:52 AM,1675.1,0,0.0,416361849.00000125
09:38:52 AM,1675.1,133,222788.3,416584637.30000126
09:38:53 AM,1675.0,0,0.0,416584637.30000126
09:38:53 AM,1675.0,120,201000.0,416785637.30000126
09:38:54 AM,1675.2,0,0.0,416785637.30000126
09:38:57 AM,1675.2,74,123964.8,416909602.1000013
09:38:59 AM,1675.2,47,78734.40000000001,416988336.50000125
09:38:59 AM,1675.35,0,0.0,416988336.50000125
09:39:02 AM,1675.35,261,437266.35,417425602.8500013
09:39:04 AM,1675.35,24,40208.399999999994,417465811.25000125
09:39:09 AM,1675.35,9,15078.15,417480889.4000012
09:39:12 AM,1675.25,0,0.0,417480889.4000012
09:39:12 AM,1675.25,211,353477.75,417834367.1500012
09:39:13 AM,1675.25,83,139045.75,417973412.9000012
09:39:15 AM,1675.2,0,0.0,417973412.9000012
09:39:16 AM,1675.1,0,0.0,417973412.9000012
09:39:16 AM,1675.1,239,400348.89999999997,418373761.8000012
09:39:19 AM,1674.5,0,0.0,418373761.8000012
09:39:21 AM,1674.5,150,251175.0,418624936.8000012
09:39:25 AM,1675.1,0,0.0,418624936.8000012
09:39:25 AM,1675.05,0,0.0,418624936.8000012
09:39:26 AM,1674.85,0,0.0,418624936.8000012
09:39:26 AM,1674.85,224,375166.39999999997,419000103.2000012
09:39:28 AM,1674.7,0,0.0,419000103.2000012
09:39:31 AM,1674.7,53,88759.1,419088862.3000012
09:39:32 AM,1675.1,0,0.0,419088862.3000012
09:39:33 AM,1675.1,5,8375.5,419097237.8000012
09:39:35 AM,1674.7,0,0.0,419097237.8000012
09:39:35 AM,1674.55,0,0.0,419097237.8000012
09:39:36 AM,1674.55,98,164105.9,419261343.7000012
09:39:40 AM,1675.0,0,0.0,419261343.7000012
09:39:41 AM,1675.0,1,1675.0,419263018.7000012
09:39:41 AM,1674.5,0,0.0,419263018.7000012
09:39:43 AM,1674.45,260,435357.0,419698375.7000012
09:39:44 AM,1675.0,0,0.0,419698375.7000012
09:39:45 AM,1674.95,0,0.0,419698375.7000012
09:39:45 AM,1675.0,0,0.0,419698375.7000012
09:39:46 AM,1675.25,0,0.0,419698375.7000012
09:39:46 AM,1675.25,592,991748.0,420690123.7000012
09:39:49 AM,1675.2,0,0.0,420690123.7000012
09:39:51 AM,1675.2,125,209400.0,420899523.7000012
09:39:53 AM,1675.15,0,0.0,420899523.7000012
09:39:55 AM,1675.15,28,46904.200000000004,420946427.90000117
09:39:59 AM,1674.55,0,0.0,420946427.90000117
09:40:00 AM,1674.55,84,140662.19999999998,421087090.10000116
09:40:03 AM,1674.65,0,0.0,421087090.10000116
09:40:03 AM,1674.35,0,0.0,421087090.10000116
09:40:05 AM,1674.35,15,25115.25,421112205.35000116
09:40:06 AM,1674.65,0,0.0,421112205.35000116
09:40:07 AM,1674.35,157,262872.95,421375078.30000114
09:40:09 AM,1674.3,0,0.0,421375078.30000114
09:40:10 AM,1674.3,1594,2668834.1999999997,424043912.50000113
09:40:10 AM,1674.35,0,0.0,424043912.50000113
09:40:12 AM,1674.35,20,33487.0,424077399.50000113
09:40:15 AM,1674.35,20,33487.0,424110886.50000113
09:40:15 AM,1674.3,0,0.0,424110886.50000113
09:40:17 AM,1674.3,138,231053.4,424341939.9000011
09:40:19 AM,1674.35,0,0.0,424341939.9000011
09:40:20 AM,1674.35,42,70322.7,424412262.6000011
09:40:22 AM,1674.35,5,8371.75,424420634.3500011
09:40:23 AM,1674.1,0,0.0,424420634.3500011
09:40:24 AM,1674.45,0,0.0,424420634.3500011
09:40:25 AM,1674.45,144,241120.80000000002,424661755.1500011
09:40:27 AM,1674.1,0,0.0,424661755.1500011
09:40:27 AM,1674.1,2,3348.2,424665103.3500011
09:40:27 AM,1674.45,0,0.0,424665103.3500011
09:40:28 AM,1674.35,0,0.0,424665103.3500011
09:40:29 AM,1674.0,0,0.0,424665103.3500011
09:40:29 AM,1674.0,178,297972.0,424963075.3500011
09:40:30 AM,1674.45,0,0.0,424963075.3500011
09:40:31 AM,1674.25,426,713230.5,425676305.8500011
09:40:33 AM,1674.45,0,0.0,425676305.8500011
09:40:34 AM,1674.55,0,0.0,425676305.8500011
09:40:34 AM,1674.3,76,127246.8,425803552.6500011
09:40:35 AM,1674.55,0,0.0,425803552.6500011
09:40:36 AM,1674.7,0,0.0,425803552.6500011
09:40:37 AM,1674.7,310,519157.0,426322709.6500011
09:40:39 AM,1674.65,0,0.0,426322709.6500011
09:40:39 AM,1674.65,78,130622.70000000001,426453332.3500011
09:40:41 AM,1675.15,0,0.0,426453332.3500011
09:40:41 AM,1675.15,25,41878.75,426495211.1000011
09:40:42 AM,1674.9,0,0.0,426495211.1000011
09:40:42 AM,1675.35,0,0.0,426495211.1000011
09:40:43 AM,1675.15,0,0.0,426495211.1000011
09:40:44 AM,1674.95,0,0.0,426495211.1000011
09:40:45 AM,1674.95,545,912847.75,427408058.8500011
09:40:45 AM,1675.15,0,0.0,427408058.8500011
09:40:47 AM,1675.05,24,40201.2,427448260.0500011
09:40:50 AM,1675.05,11,18425.55,427466685.6000011
09:40:53 AM,1675.2,0,0.0,427466685.6000011
09:40:55 AM,1675.2,2,3350.4,427470036.0000011
09:40:56 AM,1675.05,0,0.0,427470036.0000011
09:40:57 AM,1675.05,155,259632.75,427729668.7500011
09:40:58 AM,1675.15,0,0.0,427729668.7500011
09:40:59 AM,1674.9,0,0.0,427729668.7500011
09:41:00 AM,1675.05,0,0.0,427729668.7500011
09:41:00 AM,1675.05,183,306534.14999999997,428036202.90000105
09:41:03 AM,1674.8,0,0.0,428036202.90000105
09:41:05 AM,1675.15,0,0.0,428036202.90000105
09:41:05 AM,1675.2,0,0.0,428036202.90000105
09:41:06 AM,1675.2,264,442252.8,428478455.70000106
09:41:06 AM,1675.05,0,0.0,428478455.70000106
09:41:07 AM,1675.0,0,0.0,428478455.70000106
09:41:08 AM,1674.95,0,0.0,428478455.70000106
09:41:08 AM,1674.95,105,175869.75,428654325.45000106
09:41:09 AM,1674.8,0,0.0,428654325.45000106
09:41:10 AM,1674.9,0,0.0,428654325.45000106
09:41:11 AM,1674.9,95,159115.5,428813440.95000106
09:41:12 AM,1674.15,0,0.0,428813440.95000106
09:41:12 AM,1674.25,0,0.0,428813440.95000106
09:41:13 AM,1674.25,1101,1843349.25,430656790.20000106
09:41:14 AM,1674.55,0,0.0,430656790.20000106
09:41:14 AM,1675.0,0,0.0,430656790.20000106
09:41:16 AM,1675.15,0,0.0,430656790.20000106
09:41:16 AM,1675.2,0,0.0,430656790.20000106
09:41:17 AM,1675.2,1462,2449142.4,433105932.60000104
09:41:17 AM,1675.05,0,0.0,433105932.60000104
09:41:18 AM,1675.05,9,15075.449999999999,433121008.050001
09:41:20 AM,1675.2,0,0.0,433121008.050001
09:41:22 AM,1675.2,38,63657.6,433184665.65000105
09:41:23 AM,1675.0,0,0.0,433184665.65000105
09:41:23 AM,1675.0,44,73700.0,433258365.65000105
09:41:24 AM,1674.9,0,0.0,433258365.65000105
09:41:27 AM,1674.9,4,6699.6,433265065.2500011
09:41:28 AM,1674.9,15,25123.5,433290188.7500011
09:41:29 AM,1674.55,0,0.0,433290188.7500011
09:41:30 AM,1674.9,0,0.0,433290188.7500011
09:41:31 AM,1674.55,0,0.0,433290188.7500011
09:41:32 AM,1674.55,114,190898.69999999998,433481087.45000106
09:41:32 AM,1675.0,0,0.0,433481087.45000106
09:41:33 AM,1674.9,0,0.0,433481087.45000106
09:41:33 AM,1674.8,0,0.0,433481087.45000106
09:41:33 AM,1674.8,340,569432.0,434050519.45000106
09:41:35 AM,1674.9,0,0.0,434050519.45000106
09:41:36 AM,1675.2,0,0.0,434050519.45000106
09:41:37 AM,1675.25,0,0.0,434050519.45000106
09:41:37 AM,1675.25,357,598064.25,434648583.70000106
09:41:38 AM,1675.2,0,0.0,434648583.70000106
09:41:39 AM,1675.2,3,5025.6,434653609.3000011
09:41:42 AM,1675.2,10,16752.0,434670361.3000011
09:41:43 AM,1674.6,0,0.0,434670361.3000011
09:41:43 AM,1674.9,191,319905.9,434990267.20000106
09:41:45 AM,1674.95,0,0.0,434990267.20000106
09:41:47 AM,1675.2,68,113913.6,435104180.8000011
09:41:49 AM,1675.4,25,41885.0,435146065.8000011
09:41:52 AM,1675.2,0,0.0,435146065.8000011
09:41:52 AM,1675.2,157,263006.4,435409072.20000106
09:41:53 AM,1675.85,0,0.0,435409072.20000106
09:41:54 AM,1675.85,88,147474.8,435556547.0000011
09:41:57 AM,1675.0,0,0.0,435556547.0000011
09:41:57 AM,1675.0,39,65325.0,435621872.0000011
09:41:58 AM,1675.4,0,0.0,435621872.0000011
09:41:59 AM,1675.4,11,18429.4,435640301.40000105
09:42:00 AM,1675.0,0,0.0,435640301.40000105
09:42:01 AM,1675.35,0,0.0,435640301.40000105
09:42:02 AM,1675.0,0,0.0,435640301.40000105
09:42:02 AM,1675.0,41,68675.0,435708976.40000105
09:42:04 AM,1675.0,3,5025.0,435714001.40000105
09:42:07 AM,1675.0,300,502500.0,436216501.40000105
09:42:08 AM,1675.1,0,0.0,436216501.40000105
09:42:09 AM,1675.1,23,38527.299999999996,436255028.70000106
09:42:11 AM,1675.0,0,0.0,436255028.70000106
09:42:12 AM,1675.0,175,293125.0,436548153.70000106
09:42:14 AM,1675.0,66,110550.0,436658703.70000106
09:42:15 AM,1674.85,0,0.0,436658703.70000106
09:42:16 AM,1674.8,0,0.0,436658703.70000106
09:42:17 AM,1674.8,154,257919.19999999998,436916622.90000105
09:42:19 AM,1674.55,0,0.0,436916622.90000105
09:42:20 AM,1674.65,0,0.0,436916622.90000105
09:42:21 AM,1674.1,0,0.0,436916622.90000105
09:42:22 AM,1674.1,94,157365.4,437073988.300001
09:42:24 AM,1674.1,136,227677.59999999998,437301665.90000105
09:42:24 AM,1674.5,0,0.0,437301665.90000105
09:42:25 AM,1674.1,0,0.0,437301665.90000105
09:42:26 AM,1674.7,0,0.0,437301665.90000105
09:42:27 AM,1674.1,0,0.0,437301665.90000105
09:42:27 AM,1674.1,139,232699.9,437534365.800001
09:42:28 AM,1674.8,0,0.0,437534365.800001
09:42:28 AM,1674.1,0,0.0,437534365.800001
09:42:29 AM,1674.1,105,175780.5,437710146.300001
09:42:29 AM,1674.5,0,0.0,437710146.300001
09:42:32 AM,1674.5,24,40188.0,437750334.300001
09:42:33 AM,1674.1,0,0.0,437750334.300001
09:42:34 AM,1674.1,121,202566.09999999998,437952900.40000105
09:42:40 AM,1674.7,0,0.0,437952900.40000105
09:42:41 AM,1674.25,0,0.0,437952900.40000105
09:42:42 AM,1674.35,0,0.0,437952900.40000105
09:42:42 AM,1674.35,178,298034.3,438250934.70000106
09:42:44 AM,1674.35,6,10046.099999999999,438260980.8000011
09:42:46 AM,1674.3,0,0.0,438260980.8000011
09:42:47 AM,1674.7,0,0.0,438260980.8000011
09:42:47 AM,1674.7,109,182542.30000000002,438443523.1000011
09:42:48 AM,1674.5,200,334900.0,438778423.1000011
09:42:49 AM,1674.35,0,0.0,438778423.1000011
09:42:50 AM,1674.15,0,0.0,438778423.1000011
09:42:52 AM,1674.15,215,359942.25,439138365.3500011
09:42:52 AM,1674.7,0,0.0,439138365.3500011
09:42:54 AM,1674.7,8,13397.6,439151762.9500011
09:42:58 AM,1674.15,0,0.0,439151762.9500011
09:42:58 AM,1674.15,138,231032.7,439382795.6500011
09:42:59 AM,1674.3,0,0.0,439382795.6500011
09:43:02 AM,1674.3,14,23440.2,439406235.8500011
09:43:04 AM,1674.15,0,0.0,439406235.8500011
09:43:07 AM,1674.15,249,416863.35000000003,439823099.2000011
09:43:08 AM,1674.35,0,0.0,439823099.2000011
09:43:09 AM,1674.15,24,40179.600000000006,439863278.80000114
09:43:09 AM,1674.35,0,0.0,439863278.80000114
09:43:10 AM,1674.15,0,0.0,439863278.80000114
09:43:12 AM,1674.15,6,10044.900000000001,439873323.7000011
09:43:14 AM,1674.15,1,1674.15,439874997.8500011
09:43:15 AM,1674.35,0,0.0,439874997.8500011
09:43:16 AM,1674.5,0,0.0,439874997.8500011
09:43:16 AM,1674.35,0,0.0,439874997.8500011
09:43:17 AM,1674.35,578,967774.2999999999,440842772.1500011
09:43:18 AM,1674.35,23,38510.049999999996,440881282.2000011
09:43:19 AM,1674.6,0,0.0,440881282.2000011
09:43:22 AM,1674.75,0,0.0,440881282.2000011
09:43:22 AM,1674.75,387,648128.25,441529410.4500011
09:43:26 AM,1674.5,0,0.0,441529410.4500011
09:43:27 AM,1674.6,0,0.0,441529410.4500011
09:43:28 AM,1674.6,229,383483.39999999997,441912893.8500011
09:43:28 AM,1674.7,0,0.0,441912893.8500011
09:43:30 AM,1674.7,28,46891.6,441959785.4500011
09:43:30 AM,1674.1,0,0.0,441959785.4500011
09:43:34 AM,1674.1,253,423547.3,442383332.75000113
09:43:34 AM,1674.4,0,0.0,442383332.75000113
09:43:35 AM,1674.4,1,1674.4,442385007.1500011
09:43:36 AM,1674.1,0,0.0,442385007.1500011
09:43:38 AM,1674.0,187,313038.0,442698045.1500011
09:43:39 AM,1674.1,0,0.0,442698045.1500011
09:43:40 AM,1674.0,1384,2316816.0,445014861.1500011
09:43:40 AM,1673.95,0,0.0,445014861.1500011
09:43:42 AM,1673.6,0,0.0,445014861.1500011
09:43:43 AM,1673.9,0,0.0,445014861.1500011
09:43:43 AM,1673.4,150,251010.0,445265871.1500011
09:43:46 AM,1673.35,0,0.0,445265871.1500011
09:43:46 AM,1673.0,0,0.0,445265871.1500011
09:43:47 AM,1673.4,0,0.0,445265871.1500011
09:43:48 AM,1673.4,341,570629.4,445836500.5500011
09:43:48 AM,1673.35,0,0.0,445836500.5500011
09:43:50 AM,1673.35,45,75300.75,445911801.3000011
09:43:51 AM,1672.65,0,0.0,445911801.3000011
09:43:52 AM,1672.7,0,0.0,445911801.3000011
09:43:52 AM,1673.0,0,0.0,445911801.3000011
09:43:53 AM,1673.0,177,296121.0,446207922.3000011
09:43:54 AM,1673.3,0,0.0,446207922.3000011
09:43:54 AM,1672.85,0,0.0,446207922.3000011
09:43:54 AM,1672.85,159,265983.14999999997,446473905.45000106
09:43:56 AM,1672.75,0,0.0,446473905.45000106
09:43:57 AM,1672.65,0,0.0,446473905.45000106
09:43:58 AM,1672.65,1218,2037287.7000000002,448511193.15000105
09:43:59 AM,1673.0,0,0.0,448511193.15000105
09:44:01 AM,1673.5,0,0.0,448511193.15000105
09:44:02 AM,1673.1,0,0.0,448511193.15000105
09:44:02 AM,1672.9,0,0.0,448511193.15000105
09:44:03 AM,1673.8,0,0.0,448511193.15000105
09:44:03 AM,1673.8,1158,1938260.4,450449453.550001
09:44:04 AM,1673.1,0,0.0,450449453.550001
09:44:05 AM,1673.1,30,50193.0,450499646.550001
09:44:06 AM,1672.75,0,0.0,450499646.550001
09:44:07 AM,1673.4,0,0.0,450499646.550001
09:44:08 AM,1673.4,378,632545.2000000001,451132191.750001
09:44:10 AM,1673.6,0,0.0,451132191.750001
09:44:11 AM,1673.8,0,0.0,451132191.750001
09:44:12 AM,1673.5,0,0.0,451132191.750001
09:44:13 AM,1673.45,0,0.0,451132191.750001
09:44:13 AM,1673.45,238,398281.10000000003,451530472.85000104
09:44:15 AM,1673.45,10,16734.5,451547207.35000104
09:44:17 AM,1673.35,0,0.0,451547207.35000104
09:44:18 AM,1673.75,0,0.0,451547207.35000104
09:44:18 AM,1673.75,162,271147.5,451818354.85000104
09:44:20 AM,1674.0,0,0.0,451818354.85000104
09:44:20 AM,1674.2,0,0.0,451818354.85000104
09:44:20 AM,1674.0,0,0.0,451818354.85000104
09:44:20 AM,1674.0,748,1252152.0,453070506.85000104
09:44:24 AM,1674.0,1,1674.0,453072180.85000104
09:44:25 AM,1674.85,0,0.0,453072180.85000104
09:44:26 AM,1674.85,47,78717.95,453150898.800001
09:44:29 AM,1674.9,0,0.0,453150898.800001
09:44:29 AM,1674.2,0,0.0,453150898.800001
09:44:29 AM,1674.2,598,1001171.6,454152070.40000105
09:44:30 AM,1675.15,0,0.0,454152070.40000105
09:44:31 AM,1675.15,46,77056.90000000001,454229127.300001
09:44:32 AM,1675.25,0,0.0,454229127.300001
09:44:34 AM,1674.55,0,0.0,454229127.300001
09:44:34 AM,1674.55,121,202620.55,454431747.85000104
09:44:35 AM,1674.8,0,0.0,454431747.85000104
09:44:36 AM,1674.55,0,0.0,454431747.85000104
09:44:36 AM,1674.55,1008,1687946.4,456119694.250001
09:44:39 AM,1674.55,1,1674.55,456121368.800001
09:44:41 AM,1674.9,0,0.0,456121368.800001
09:44:42 AM,1674.3,0,0.0,456121368.800001
09:44:44 AM,1674.3,112,187521.6,456308890.40000105
09:44:45 AM,1673.9,0,0.0,456308890.40000105
09:44:46 AM,1674.4,112,187532.80000000002,456496423.20000106
09:44:46 AM,1674.55,0,0.0,456496423.20000106
09:44:46 AM,1674.8,0,0.0,456496423.20000106
09:44:49 AM,1674.9,0,0.0,456496423.20000106
09:44:49 AM,1674.9,280,468972.0,456965395.20000106
09:44:50 AM,1675.65,0,0.0,456965395.20000106
09:44:51 AM,1675.15,108,180916.2,457146311.40000105
09:44:54 AM,1675.15,3,5025.450000000001,457151336.85000104
09:44:56 AM,1675.95,307,514516.65,457665853.500001
09:44:57 AM,1675.15,0,0.0,457665853.500001
09:44:58 AM,1675.05,0,0.0,457665853.500001
09:44:58 AM,1675.6,0,0.0,457665853.500001
09:44:59 AM,1675.0,0,0.0,457665853.500001
09:44:59 AM,1675.0,638,1068650.0,458734503.500001
09:45:00 AM,1674.8,0,0.0,458734503.500001
