date,price,qty,trnvr,cum_trnvr
09:15:00 AM,1757.45,213725,375611001.25,375611001.25
09:15:02 AM,1755.65,0,0.0,375611001.25
09:15:02 AM,1755.7,0,0.0,375611001.25
09:15:05 AM,1754.8,0,0.0,375611001.25
09:15:05 AM,1753.6,0,0.0,375611001.25
09:15:07 AM,1754.6,34098,59828350.8,435439352.05
09:15:07 AM,1754.1,0,0.0,435439352.05
09:15:07 AM,1754.25,0,0.0,435439352.05
09:15:09 AM,1753.55,0,0.0,435439352.05
09:15:09 AM,1754.9,0,0.0,435439352.05
09:15:10 AM,1754.4,0,0.0,435439352.05
09:15:11 AM,1754.55,12926,22679313.3,458118665.35
09:15:12 AM,1754.1,0,0.0,458118665.35
09:15:14 AM,1752.05,0,0.0,458118665.35
09:15:15 AM,1751.25,27449,48070061.25,506188726.6
09:15:15 AM,1751.05,0,0.0,506188726.6
09:15:16 AM,1751.65,0,0.0,506188726.6
09:15:17 AM,1749.8,0,0.0,506188726.6
09:15:18 AM,1751.4,0,0.0,506188726.6
09:15:19 AM,1752.1,0,0.0,506188726.6
09:15:19 AM,1752.0,20304,35572608.0,541761334.6
09:15:20 AM,1751.85,0,0.0,541761334.6
09:15:20 AM,1750.75,0,0.0,541761334.6
09:15:21 AM,1751.55,0,0.0,541761334.6
09:15:22 AM,1750.6,11559,20235185.4,561996520.0
09:15:22 AM,1751.45,0,0.0,561996520.0
09:15:24 AM,1750.7,0,0.0,561996520.0
09:15:24 AM,1751.45,0,0.0,561996520.0
09:15:25 AM,1750.3,0,0.0,561996520.0
09:15:26 AM,1750.6,6028,10552616.799999999,572549136.8
09:15:26 AM,1750.0,0,0.0,572549136.8
09:15:27 AM,1749.35,0,0.0,572549136.8
09:15:28 AM,1749.15,0,0.0,572549136.8
09:15:29 AM,1750.0,5492,9611000.0,582160136.8
09:15:29 AM,1750.05,0,0.0,582160136.8
09:15:30 AM,1748.45,0,0.0,582160136.8
09:15:31 AM,1748.5,0,0.0,582160136.8
09:15:32 AM,1748.75,16652,29120185.0,611280321.8
09:15:32 AM,1749.1,0,0.0,611280321.8
09:15:34 AM,1748.5,0,0.0,611280321.8
09:15:35 AM,1748.45,0,0.0,611280321.8
09:15:35 AM,1748.45,7678,13424599.1,624704920.9
09:15:36 AM,1750.0,0,0.0,624704920.9
09:15:37 AM,1749.65,0,0.0,624704920.9
09:15:37 AM,1749.35,0,0.0,624704920.9
09:15:38 AM,1748.75,0,0.0,624704920.9
09:15:38 AM,1749.45,11291,19753039.95,644457960.85
09:15:39 AM,1749.4,0,0.0,644457960.85
09:15:39 AM,1748.8,0,0.0,644457960.85
09:15:40 AM,1749.6,0,0.0,644457960.85
09:15:40 AM,1748.65,0,0.0,644457960.85
09:15:41 AM,1748.75,3821,6681973.75,651139934.6
09:15:42 AM,1748.15,0,0.0,651139934.6
09:15:43 AM,1748.75,0,0.0,651139934.6
09:15:44 AM,1746.85,0,0.0,651139934.6
09:15:44 AM,1746.8,8075,14105410.0,665245344.6
09:15:45 AM,1747.1,0,0.0,665245344.6
09:15:45 AM,1746.4,0,0.0,665245344.6
09:15:46 AM,1746.35,0,0.0,665245344.6
09:15:47 AM,1746.7,8301,14499356.700000001,679744701.3000001
09:15:48 AM,1746.75,0,0.0,679744701.3000001
09:15:48 AM,1748.0,0,0.0,679744701.3000001
09:15:49 AM,1748.15,0,0.0,679744701.3000001
09:15:49 AM,1746.85,0,0.0,679744701.3000001
09:15:50 AM,1747.05,0,0.0,679744701.3000001
09:15:51 AM,1747.05,7753,13544878.65,693289579.95
09:15:52 AM,1747.5,0,0.0,693289579.95
09:15:52 AM,1747.0,0,0.0,693289579.95
09:15:53 AM,1746.4,0,0.0,693289579.95
09:15:53 AM,1747.05,0,0.0,693289579.95
09:15:53 AM,1747.3,5605,9793616.5,703083196.45
09:15:54 AM,1746.55,0,0.0,703083196.45
09:15:54 AM,1747.1,0,0.0,703083196.45
09:15:55 AM,1747.9,0,0.0,703083196.45
09:15:55 AM,1748.3,0,0.0,703083196.45
09:15:56 AM,1747.75,5688,9941202.0,713024398.45
09:15:57 AM,1748.3,0,0.0,713024398.45
09:15:57 AM,1748.1,0,0.0,713024398.45
09:15:58 AM,1747.55,0,0.0,713024398.45
09:15:59 AM,1747.95,6681,11678053.950000001,724702452.4000001
09:15:59 AM,1747.5,0,0.0,724702452.4000001
09:16:01 AM,1747.9,0,0.0,724702452.4000001
09:16:01 AM,1747.55,0,0.0,724702452.4000001
09:16:02 AM,1747.05,4898,8557050.9,733259503.3000001
09:16:02 AM,1747.95,0,0.0,733259503.3000001
09:16:03 AM,1747.35,0,0.0,733259503.3000001
09:16:05 AM,1747.35,7305,12764391.75,746023895.0500001
09:16:06 AM,1746.4,0,0.0,746023895.0500001
09:16:07 AM,1746.2,0,0.0,746023895.0500001
09:16:08 AM,1746.5,8725,15238212.5,761262107.5500001
09:16:09 AM,1746.1,0,0.0,761262107.5500001
09:16:09 AM,1745.7,0,0.0,761262107.5500001
09:16:10 AM,1745.8,1829,3193068.1999999997,764455175.7500001
09:16:11 AM,1745.35,0,0.0,764455175.7500001
09:16:11 AM,1745.35,1,1745.35,764456921.1000001
09:16:11 AM,1745.8,0,0.0,764456921.1000001
09:16:11 AM,1745.8,553,965427.4,765422348.5000001
09:16:12 AM,1745.0,0,0.0,765422348.5000001
09:16:12 AM,1745.0,1591,2776295.0,768198643.5000001
09:16:12 AM,1745.3,25,43632.5,768242276.0000001
09:16:12 AM,1745.35,0,0.0,768242276.0000001
09:16:13 AM,1745.15,0,0.0,768242276.0000001
09:16:13 AM,1745.15,391,682353.65,768924629.6500001
09:16:13 AM,1745.15,285,497367.75,769421997.4000001
09:16:13 AM,1745.25,0,0.0,769421997.4000001
09:16:14 AM,1744.45,0,0.0,769421997.4000001
09:16:14 AM,1744.45,1128,1967739.6,771389737.0000001
09:16:14 AM,1744.3,55,95936.5,771485673.5000001
09:16:15 AM,1743.65,0,0.0,771485673.5000001
09:16:15 AM,1744.25,1987,3465824.75,774951498.2500001
09:16:16 AM,1744.2,0,0.0,774951498.2500001
09:16:16 AM,1744.2,108,188373.6,775139871.8500001
09:16:16 AM,1743.6,0,0.0,775139871.8500001
09:16:17 AM,1744.75,5486,9571698.5,784711570.3500001
09:16:18 AM,1743.6,0,0.0,784711570.3500001
09:16:18 AM,1743.6,424,739286.3999999999,785450856.7500001
09:16:18 AM,1744.35,255,444809.25,785895666.0000001
09:16:19 AM,1744.2,0,0.0,785895666.0000001
09:16:19 AM,1743.85,2272,3962027.1999999997,789857693.2000002
09:16:19 AM,1743.3,0,0.0,789857693.2000002
09:16:20 AM,1743.35,0,0.0,789857693.2000002
09:16:20 AM,1743.35,395,688623.25,790546316.4500002
09:16:20 AM,1743.95,0,0.0,790546316.4500002
09:16:21 AM,1743.5,0,0.0,790546316.4500002
09:16:21 AM,1743.5,3174,5533869.0,796080185.4500002
09:16:22 AM,1743.55,0,0.0,796080185.4500002
09:16:22 AM,1743.55,684,1192588.2,797272773.6500002
09:16:23 AM,1743.55,3063,5340493.649999999,802613267.3000002
09:16:23 AM,1743.35,0,0.0,802613267.3000002
09:16:24 AM,1743.95,0,0.0,802613267.3000002
09:16:24 AM,1744.0,226,394144.0,803007411.3000002
09:16:24 AM,1744.0,3,5232.0,803012643.3000002
09:16:24 AM,1743.35,0,0.0,803012643.3000002
09:16:25 AM,1744.0,0,0.0,803012643.3000002
09:16:25 AM,1743.35,1440,2510424.0,805523067.3000002
09:16:25 AM,1744.0,10,17440.0,805540507.3000002
09:16:25 AM,1743.5,0,0.0,805540507.3000002
09:16:26 AM,1743.3,267,465461.1,806005968.4000002
09:16:27 AM,1742.65,0,0.0,806005968.4000002
09:16:27 AM,1743.2,957,1668242.4000000001,807674210.8000002
09:16:27 AM,1742.6,0,0.0,807674210.8000002
09:16:28 AM,1742.1,0,0.0,807674210.8000002
09:16:28 AM,1742.1,694,1209017.4,808883228.2000002
09:16:28 AM,1742.6,300,522780.0,809406008.2000002
09:16:29 AM,1743.05,0,0.0,809406008.2000002
09:16:29 AM,1742.45,521,907816.4500000001,810313824.6500002
09:16:29 AM,1742.4,100,174240.0,810488064.6500002
09:16:30 AM,1743.05,1050,1830202.5,812318267.1500002
09:16:30 AM,1742.4,129,224769.6,812543036.7500002
09:16:30 AM,1742.45,0,0.0,812543036.7500002
09:16:31 AM,1742.45,729,1270246.05,813813282.8000002
09:16:31 AM,1742.45,51,88864.95,813902147.7500002
09:16:32 AM,1743.0,0,0.0,813902147.7500002
09:16:32 AM,1743.0,2021,3522603.0,817424750.7500002
09:16:32 AM,1743.0,20,34860.0,817459610.7500002
09:16:33 AM,1742.45,0,0.0,817459610.7500002
09:16:33 AM,1743.25,2114,3685230.5,821144841.2500002
09:16:33 AM,1742.45,0,0.0,821144841.2500002
09:16:34 AM,1742.45,219,381596.55,821526437.8000002
09:16:34 AM,1742.45,1,1742.45,821528180.2500002
09:16:34 AM,1742.75,0,0.0,821528180.2500002
09:16:35 AM,1742.3,0,0.0,821528180.2500002
09:16:35 AM,1742.6,2108,3673400.8,825201581.0500002
09:16:35 AM,1742.3,1,1742.3,825203323.3500001
09:16:36 AM,1741.9,0,0.0,825203323.3500001
09:16:36 AM,1742.6,1891,3295256.5999999996,828498579.9500002
09:16:36 AM,1742.55,0,0.0,828498579.9500002
09:16:37 AM,1742.3,0,0.0,828498579.9500002
09:16:37 AM,1741.7,623,1085079.1,829583659.0500002
09:16:37 AM,1742.3,18,31361.399999999998,829615020.4500002
09:16:38 AM,1741.75,0,0.0,829615020.4500002
09:16:38 AM,1742.6,2530,4408778.0,834023798.4500002
09:16:39 AM,1743.0,0,0.0,834023798.4500002
09:16:39 AM,1743.0,2004,3492972.0,837516770.4500002
09:16:40 AM,1742.85,0,0.0,837516770.4500002
09:16:40 AM,1742.3,82,142868.6,837659639.0500002
09:16:41 AM,1742.3,837,1458305.0999999999,839117944.1500002
09:16:41 AM,1742.15,0,0.0,839117944.1500002
09:16:42 AM,1741.9,0,0.0,839117944.1500002
09:16:42 AM,1741.9,3646,6350967.4,845468911.5500002
09:16:42 AM,1742.85,118,205656.3,845674567.8500001
09:16:43 AM,1742.6,0,0.0,845674567.8500001
09:16:43 AM,1742.6,363,632563.7999999999,846307131.6500001
09:16:44 AM,1742.3,0,0.0,846307131.6500001
09:16:44 AM,1742.8,4433,7725832.399999999,854032964.0500001
09:16:45 AM,1742.8,269,468813.2,854501777.2500001
09:16:46 AM,1743.6,4732,8250715.199999999,862752492.4500002
09:16:47 AM,1743.0,0,0.0,862752492.4500002
09:16:47 AM,1743.0,129,224847.0,862977339.4500002
09:16:48 AM,1743.6,0,0.0,862977339.4500002
09:16:48 AM,1743.0,157,273651.0,863250990.4500002
09:16:48 AM,1743.55,5,8717.75,863259708.2000002
09:16:49 AM,1743.0,0,0.0,863259708.2000002
09:16:49 AM,1743.0,585,1019655.0,864279363.2000002
09:16:49 AM,1743.55,0,0.0,864279363.2000002
09:16:50 AM,1743.15,0,0.0,864279363.2000002
09:16:50 AM,1743.55,1198,2088772.9,866368136.1000001
09:16:50 AM,1743.55,85,148201.75,866516337.8500001
09:16:51 AM,1743.2,0,0.0,866516337.8500001
09:16:51 AM,1743.2,138,240561.6,866756899.4500002
09:16:52 AM,1743.1,0,0.0,866756899.4500002
09:16:52 AM,1743.75,343,598106.25,867355005.7000002
09:16:53 AM,1743.1,0,0.0,867355005.7000002
09:16:53 AM,1743.1,409,712927.8999999999,868067933.6000001
09:16:53 AM,1743.05,110,191735.5,868259669.1000001
09:16:54 AM,1742.8,0,0.0,868259669.1000001
09:16:54 AM,1743.7,1807,3150865.9,871410535.0000001
09:16:55 AM,1743.65,0,0.0,871410535.0000001
09:16:55 AM,1743.15,640,1115616.0,872526151.0000001
09:16:56 AM,1743.3,0,0.0,872526151.0000001
09:16:56 AM,1743.75,430,749812.5,873275963.5000001
09:16:57 AM,1743.7,1,1743.7,873277707.2000002
09:16:57 AM,1743.7,7,12205.9,873289913.1000001
09:16:58 AM,1743.2,0,0.0,873289913.1000001
09:16:58 AM,1743.2,186,324235.2,873614148.3000002
09:16:59 AM,1743.25,0,0.0,873614148.3000002
09:16:59 AM,1743.25,530,923922.5,874538070.8000002
09:16:59 AM,1743.7,2,3487.4,874541558.2000002
09:17:00 AM,1743.7,479,835232.3,875376790.5000001
09:17:00 AM,1743.7,200,348740.0,875725530.5000001
09:17:01 AM,1743.25,0,0.0,875725530.5000001
09:17:01 AM,1743.25,1066,1858304.5,877583835.0000001
09:17:02 AM,1743.2,0,0.0,877583835.0000001
09:17:02 AM,1743.2,368,641497.6,878225332.6000001
09:17:02 AM,1743.7,0,0.0,878225332.6000001
09:17:03 AM,1743.2,0,0.0,878225332.6000001
09:17:03 AM,1743.2,1008,1757145.6,879982478.2000002
09:17:04 AM,1743.1,0,0.0,879982478.2000002
09:17:04 AM,1743.45,466,812447.7000000001,880794925.9000002
09:17:05 AM,1743.4,0,0.0,880794925.9000002
09:17:05 AM,1743.4,264,460257.60000000003,881255183.5000002
09:17:05 AM,1743.0,30,52290.0,881307473.5000002
09:17:06 AM,1743.0,31,54033.0,881361506.5000002
09:17:07 AM,1743.0,140,244020.0,881605526.5000002
09:17:08 AM,1742.05,0,0.0,881605526.5000002
09:17:08 AM,1742.6,884,1540458.4,883145984.9000002
09:17:09 AM,1743.0,0,0.0,883145984.9000002
09:17:09 AM,1743.0,3805,6632115.0,889778099.9000002
09:17:09 AM,1742.6,5,8713.0,889786812.9000002
09:17:10 AM,1742.25,0,0.0,889786812.9000002
09:17:10 AM,1742.25,198,344965.5,890131778.4000002
09:17:10 AM,1742.6,44,76674.4,890208452.8000002
09:17:11 AM,1742.25,0,0.0,890208452.8000002
09:17:11 AM,1742.6,614,1069956.4,891278409.2000002
09:17:12 AM,1742.3,9,15680.699999999999,891294089.9000002
09:17:12 AM,1742.3,731,1273621.3,892567711.2000002
09:17:13 AM,1742.55,106,184710.3,892752421.5000001
09:17:13 AM,1742.6,0,0.0,892752421.5000001
09:17:13 AM,1742.65,0,0.0,892752421.5000001
09:17:13 AM,1742.6,6908,12037880.799999999,904790302.3000001
09:17:14 AM,1742.65,312,543706.8,905334009.1
09:17:14 AM,1742.6,0,0.0,905334009.1
09:17:14 AM,1742.55,0,0.0,905334009.1
09:17:14 AM,1742.55,1197,2085832.3499999999,907419841.45
09:17:15 AM,1743.0,69,120267.0,907540108.45
09:17:15 AM,1742.8,0,0.0,907540108.45
09:17:15 AM,1742.9,0,0.0,907540108.45
09:17:15 AM,1742.85,143,249227.55,907789336.0
09:17:16 AM,1743.3,0,0.0,907789336.0
09:17:16 AM,1743.35,0,0.0,907789336.0
09:17:16 AM,1743.25,979,1706641.75,909495977.75
09:17:17 AM,1743.45,26,45329.700000000004,909541307.45
09:17:17 AM,1743.45,100,174345.0,909715652.45
09:17:18 AM,1744.0,805,1403920.0,911119572.45
09:17:18 AM,1744.65,0,0.0,911119572.45
09:17:18 AM,1744.95,0,0.0,911119572.45
09:17:18 AM,1745.05,2095,3655879.75,914775452.2
09:17:19 AM,1744.6,58,101186.79999999999,914876639.0
09:17:19 AM,1745.55,0,0.0,914876639.0
09:17:19 AM,1744.7,0,0.0,914876639.0
09:17:19 AM,1744.7,1311,2287301.7,917163940.7
09:17:20 AM,1745.35,58,101230.29999999999,917265171.0
09:17:20 AM,1744.75,0,0.0,917265171.0
09:17:20 AM,1745.35,0,0.0,917265171.0
09:17:20 AM,1745.05,178,310618.89999999997,917575789.9
09:17:21 AM,1744.85,0,0.0,917575789.9
09:17:21 AM,1745.45,330,575998.5,918151788.4
09:17:22 AM,1745.55,3225,5629398.75,923781187.15
09:17:22 AM,1745.6,0,0.0,923781187.15
09:17:22 AM,1744.95,119,207649.05000000002,923988836.1999999
09:17:23 AM,1744.95,329,574088.55,924562924.7499999
09:17:23 AM,1744.7,0,0.0,924562924.7499999
09:17:23 AM,1744.95,0,0.0,924562924.7499999
09:17:23 AM,1744.95,1486,2592995.7,927155920.4499999
09:17:24 AM,1745.15,124,216398.6,927372319.05
09:17:24 AM,1744.6,0,0.0,927372319.05
09:17:24 AM,1744.6,2226,3883479.5999999996,931255798.65
09:17:25 AM,1743.95,5,8719.75,931264518.4
09:17:25 AM,1744.0,0,0.0,931264518.4
09:17:25 AM,1744.0,312,544128.0,931808646.4
09:17:26 AM,1744.0,1,1744.0,931810390.4
09:17:26 AM,1744.65,0,0.0,931810390.4
09:17:26 AM,1743.85,0,0.0,931810390.4
09:17:26 AM,1743.6,465,810774.0,932621164.4
09:17:27 AM,1743.9,111,193572.90000000002,932814737.3
09:17:28 AM,1743.65,547,953776.55,933768513.8499999
09:17:28 AM,1744.45,0,0.0,933768513.8499999
09:17:28 AM,1744.5,0,0.0,933768513.8499999
09:17:28 AM,1744.5,118,205851.0,933974364.8499999
09:17:29 AM,1743.6,0,0.0,933974364.8499999
09:17:29 AM,1744.45,0,0.0,933974364.8499999
09:17:29 AM,1743.6,735,1281546.0,935255910.8499999
09:17:30 AM,1743.05,4005,6980915.25,942236826.0999999
09:17:30 AM,1743.6,0,0.0,942236826.0999999
09:17:30 AM,1743.5,0,0.0,942236826.0999999
09:17:30 AM,1743.5,717,1250089.5,943486915.5999999
09:17:31 AM,1743.45,10,17434.5,943504350.0999999
09:17:31 AM,1744.15,0,0.0,943504350.0999999
09:17:31 AM,1744.1,0,0.0,943504350.0999999
09:17:31 AM,1744.1,576,1004601.6,944508951.6999999
09:17:32 AM,1743.4,173,301608.2,944810559.9
09:17:32 AM,1743.45,0,0.0,944810559.9
09:17:32 AM,1743.4,374,652031.6,945462591.5
09:17:33 AM,1743.2,0,0.0,945462591.5
09:17:33 AM,1743.3,273,475920.89999999997,945938512.4
09:17:34 AM,1743.3,22,38352.6,945976865.0
09:17:34 AM,1744.0,0,0.0,945976865.0
09:17:34 AM,1743.3,0,0.0,945976865.0
09:17:34 AM,1743.3,70,122031.0,946098896.0
09:17:35 AM,1744.0,350,610400.0,946709296.0
09:17:35 AM,1743.3,0,0.0,946709296.0
09:17:35 AM,1743.8,156,272032.8,946981328.8
09:17:36 AM,1743.35,0,0.0,946981328.8
09:17:36 AM,1743.3,225,392242.5,947373571.3
09:17:37 AM,1743.05,1342,2339173.1,949712744.4
09:17:37 AM,1743.8,0,0.0,949712744.4
09:17:37 AM,1743.3,82,142950.6,949855695.0
09:17:38 AM,1743.3,17,29636.1,949885331.1
09:17:38 AM,1743.3,459,800174.7,950685505.8000001
09:17:39 AM,1743.8,0,0.0,950685505.8000001
09:17:39 AM,1743.15,0,0.0,950685505.8000001
09:17:39 AM,1743.15,354,617075.1,951302580.9000001
09:17:40 AM,1743.85,427,744623.95,952047204.8500001
09:17:40 AM,1743.55,0,0.0,952047204.8500001
09:17:40 AM,1743.55,248,432400.39999999997,952479605.2500001
09:17:41 AM,1743.55,15,26153.25,952505758.5000001
09:17:41 AM,1743.8,0,0.0,952505758.5000001
09:17:41 AM,1743.55,0,0.0,952505758.5000001
09:17:41 AM,1743.55,58,101125.9,952606884.4000001
09:17:42 AM,1743.8,1862,3246955.6,955853840.0000001
09:17:43 AM,1743.35,0,0.0,955853840.0000001
09:17:43 AM,1743.8,0,0.0,955853840.0000001
09:17:43 AM,1743.8,46,80214.8,955934054.8000001
09:17:44 AM,1743.4,96,167366.40000000002,956101421.2
09:17:44 AM,1743.8,0,0.0,956101421.2
09:17:44 AM,1743.9,2447,4267323.3,960368744.5
09:17:45 AM,1743.9,150,261585.0,960630329.5
09:17:45 AM,1744.3,0,0.0,960630329.5
09:17:45 AM,1744.45,337,587879.65,961218209.15
09:17:46 AM,1743.95,25,43598.75,961261807.9
09:17:46 AM,1744.15,0,0.0,961261807.9
09:17:46 AM,1744.45,0,0.0,961261807.9
09:17:46 AM,1744.45,340,593113.0,961854920.9
09:17:47 AM,1744.0,613,1069072.0,962923992.9
09:17:47 AM,1744.3,0,0.0,962923992.9
09:17:47 AM,1744.7,670,1168949.0,964092941.9
09:17:48 AM,1743.95,0,0.0,964092941.9
09:17:48 AM,1743.95,1557,2715330.15,966808272.05
09:17:49 AM,1744.15,48,83719.20000000001,966891991.25
09:17:49 AM,1744.15,64,111625.6,967003616.85
09:17:50 AM,1744.15,76,132555.4,967136172.25
09:17:51 AM,1744.15,53,92439.95000000001,967228612.2
09:17:51 AM,1744.4,0,0.0,967228612.2
09:17:51 AM,1744.45,18,31400.100000000002,967260012.3000001
09:17:52 AM,1744.45,10,17444.5,967277456.8000001
09:17:52 AM,1744.05,0,0.0,967277456.8000001
09:17:52 AM,1744.05,331,577280.5499999999,967854737.35
09:17:53 AM,1744.45,50,87222.5,967941959.85
09:17:53 AM,1743.55,0,0.0,967941959.85
09:17:53 AM,1743.55,2551,4447796.05,972389755.9
09:17:54 AM,1744.4,0,0.0,972389755.9
09:17:54 AM,1744.4,310,540764.0,972930519.9
09:17:55 AM,1744.05,0,0.0,972930519.9
09:17:55 AM,1744.05,13,22672.649999999998,972953192.55
09:17:56 AM,1744.05,974,1698704.7,974651897.25
09:17:56 AM,1743.7,0,0.0,974651897.25
09:17:56 AM,1743.7,206,359202.2,975011099.45
09:17:57 AM,1743.7,218,380126.60000000003,975391226.0500001
09:17:57 AM,1744.15,0,0.0,975391226.0500001
09:17:57 AM,1743.7,508,885799.6,976277025.6500001
09:17:58 AM,1744.0,51,88944.0,976365969.6500001
09:17:58 AM,1743.7,0,0.0,976365969.6500001
09:17:58 AM,1743.7,594,1035757.8,977401727.45
09:17:59 AM,1744.0,19,33136.0,977434863.45
09:17:59 AM,1744.0,2,3488.0,977438351.45
09:18:00 AM,1743.95,2146,3742516.7,981180868.1500001
09:18:00 AM,1743.55,0,0.0,981180868.1500001
09:18:00 AM,1744.0,2207,3849008.0,985029876.1500001
09:18:01 AM,1743.95,102,177882.9,985207759.0500001
09:18:01 AM,1743.55,0,0.0,985207759.0500001
09:18:01 AM,1744.0,1113,1941072.0,987148831.0500001
09:18:02 AM,1744.0,856,1492864.0,988641695.0500001
09:18:02 AM,1744.05,0,0.0,988641695.0500001
09:18:02 AM,1743.8,0,0.0,988641695.0500001
09:18:02 AM,1743.65,856,1492564.4000000001,990134259.45
09:18:03 AM,1744.0,50,87200.0,990221459.45
09:18:03 AM,1744.05,0,0.0,990221459.45
09:18:03 AM,1743.7,1809,3154353.3000000003,993375812.75
09:18:04 AM,1744.55,83,144797.65,993520610.4
09:18:04 AM,1744.05,0,0.0,993520610.4
09:18:04 AM,1744.05,2,3488.1,993524098.5
09:18:05 AM,1744.05,17,29648.85,993553747.35
09:18:06 AM,1744.05,648,1130144.4,994683891.75
09:18:06 AM,1744.6,0,0.0,994683891.75
09:18:06 AM,1744.6,10,17446.0,994701337.75
09:18:07 AM,1744.55,10,17445.5,994718783.25
09:18:07 AM,1744.65,0,0.0,994718783.25
09:18:07 AM,1744.55,237,413458.35,995132241.6
09:18:08 AM,1744.7,41,71532.7,995203774.3000001
09:18:08 AM,1744.6,0,0.0,995203774.3000001
09:18:08 AM,1745.4,0,0.0,995203774.3000001
09:18:08 AM,1745.4,827,1443445.8,996647220.1
09:18:09 AM,1744.75,13,22681.75,996669901.85
09:18:09 AM,1745.45,0,0.0,996669901.85
09:18:09 AM,1744.8,0,0.0,996669901.85
09:18:09 AM,1745.5,753,1314361.5,997984263.35
09:18:10 AM,1744.8,0,0.0,997984263.35
09:18:10 AM,1744.85,0,0.0,997984263.35
09:18:10 AM,1745.0,172,300140.0,998284403.35
09:18:10 AM,1745.4,1,1745.4,998286148.75
09:18:11 AM,1745.9,0,0.0,998286148.75
09:18:11 AM,1745.9,547,955007.3,999241156.05
09:18:11 AM,1745.8,0,0.0,999241156.05
09:18:11 AM,1745.8,68,118714.4,999359870.4499999
09:18:12 AM,1745.85,0,0.0,999359870.4499999
09:18:12 AM,1745.95,425,742028.75,1000101899.1999999
09:18:12 AM,1745.5,46,80293.0,1000182192.1999999
09:18:13 AM,1745.95,0,0.0,1000182192.1999999
09:18:13 AM,1745.95,2,3491.9,1000185684.0999999
09:18:13 AM,1746.0,200,349200.0,1000534884.0999999
09:18:14 AM,1745.6,0,0.0,1000534884.0999999
09:18:14 AM,1745.6,163,284532.8,1000819416.8999999
09:18:14 AM,1745.8,176,307260.8,1001126677.6999998
09:18:15 AM,1746.0,0,0.0,1001126677.6999998
09:18:15 AM,1746.0,160,279360.0,1001406037.6999998
09:18:16 AM,1745.8,0,0.0,1001406037.6999998
09:18:16 AM,1746.0,280,488880.0,1001894917.6999998
09:18:16 AM,1745.9,183,319499.7,1002214417.3999999
09:18:17 AM,1745.8,0,0.0,1002214417.3999999
09:18:17 AM,1745.8,2692,4699693.6,1006914110.9999999
09:18:17 AM,1746.0,0,0.0,1006914110.9999999
09:18:17 AM,1746.0,1,1746.0,1006915856.9999999
09:18:18 AM,1746.4,0,0.0,1006915856.9999999
09:18:18 AM,1746.8,915,1598322.0,1008514178.9999999
09:18:19 AM,1746.1,3,5238.299999999999,1008519417.2999998
09:18:19 AM,1746.75,0,0.0,1008519417.2999998
09:18:20 AM,1746.1,182,317790.2,1008837207.4999999
09:18:20 AM,1746.05,0,0.0,1008837207.4999999
09:18:21 AM,1746.05,794,1386363.7,1010223571.1999999
09:18:21 AM,1746.7,0,0.0,1010223571.1999999
09:18:21 AM,1746.7,1,1746.7,1010225317.9
09:18:22 AM,1746.2,0,0.0,1010225317.9
09:18:22 AM,1746.2,45,78579.0,1010303896.9
09:18:23 AM,1746.75,9,15720.75,1010319617.65
09:18:23 AM,1746.6,0,0.0,1010319617.65
09:18:23 AM,1746.6,4137,7225684.199999999,1017545301.85
09:18:24 AM,1746.8,382,667277.6,1018212579.45
09:18:24 AM,1746.3,0,0.0,1018212579.45
09:18:24 AM,1746.3,128,223526.4,1018436105.85
09:18:25 AM,1746.8,2487,4344291.6,1022780397.45
09:18:25 AM,1746.75,0,0.0,1022780397.45
09:18:25 AM,1746.3,440,768372.0,1023548769.45
09:18:25 AM,1746.15,0,0.0,1023548769.45
09:18:26 AM,1746.6,250,436650.0,1023985419.45
09:18:27 AM,1745.9,1850,3229915.0,1027215334.45
09:18:28 AM,1745.9,271,473138.9,1027688473.35
09:18:28 AM,1745.85,0,0.0,1027688473.35
09:18:28 AM,1745.85,276,481854.6,1028170327.95
09:18:29 AM,1745.9,465,811843.5,1028982171.45
09:18:29 AM,1746.1,0,0.0,1028982171.45
09:18:29 AM,1746.1,130,226993.0,1029209164.45
09:18:29 AM,1746.75,0,0.0,1029209164.45
09:18:30 AM,1746.15,571,997051.65,1030206216.1
09:18:30 AM,1746.6,0,0.0,1030206216.1
09:18:30 AM,1746.6,112,195619.19999999998,1030401835.3000001
09:18:30 AM,1746.45,0,0.0,1030401835.3000001
09:18:31 AM,1747.6,1924,3362382.4,1033764217.7
09:18:31 AM,1747.5,0,0.0,1033764217.7
09:18:31 AM,1747.0,208,363376.0,1034127593.7
09:18:32 AM,1747.65,100,174765.0,1034302358.7
09:18:33 AM,1747.0,219,382593.0,1034684951.7
09:18:33 AM,1747.65,0,0.0,1034684951.7
09:18:33 AM,1747.1,90,157239.0,1034842190.7
09:18:34 AM,1747.05,1905,3328130.25,1038170320.95
09:18:34 AM,1747.1,0,0.0,1038170320.95
09:18:34 AM,1747.1,4,6988.4,1038177309.35
09:18:35 AM,1747.25,23,40186.75,1038217496.1
09:18:35 AM,1747.95,0,0.0,1038217496.1
09:18:36 AM,1747.6,726,1268757.5999999999,1039486253.7
09:18:36 AM,1747.6,34,59418.399999999994,1039545672.1
09:18:36 AM,1748.0,0,0.0,1039545672.1
09:18:37 AM,1747.65,543,948973.9500000001,1040494646.0500001
09:18:37 AM,1748.0,100,174800.0,1040669446.0500001
09:18:38 AM,1747.65,92,160783.80000000002,1040830229.85
09:18:38 AM,1747.65,127,221951.55000000002,1041052181.4
09:18:39 AM,1748.0,202,353096.0,1041405277.4
09:18:39 AM,1747.65,0,0.0,1041405277.4
09:18:40 AM,1747.65,43,75148.95,1041480426.35
09:18:40 AM,1747.65,215,375744.75,1041856171.1
09:18:41 AM,1747.15,3288,5744629.2,1047600800.3000001
09:18:41 AM,1747.5,0,0.0,1047600800.3000001
09:18:41 AM,1747.05,68,118799.4,1047719599.7
09:18:41 AM,1747.5,0,0.0,1047719599.7
09:18:42 AM,1746.8,1831,3198390.8,1050917990.5
09:18:42 AM,1747.0,0,0.0,1050917990.5
09:18:42 AM,1746.95,417,728478.15,1051646468.65
09:18:42 AM,1747.7,0,0.0,1051646468.65
09:18:43 AM,1746.85,1076,1879610.5999999999,1053526079.25
09:18:44 AM,1747.5,276,482310.0,1054008389.25
09:18:45 AM,1746.7,253,441915.10000000003,1054450304.35
09:18:45 AM,1747.0,0,0.0,1054450304.35
09:18:46 AM,1747.0,320,559040.0,1055009344.35
09:18:46 AM,1746.7,0,0.0,1055009344.35
09:18:46 AM,1747.0,188,328436.0,1055337780.35
09:18:47 AM,1747.1,1846,3225146.5999999996,1058562926.95
09:18:47 AM,1746.6,5,8733.0,1058571659.95
09:18:48 AM,1746.7,134,234057.80000000002,1058805717.75
09:18:48 AM,1746.6,0,0.0,1058805717.75
09:18:48 AM,1746.7,3,5240.1,1058810957.85
09:18:49 AM,1747.35,453,791549.5499999999,1059602507.4
09:18:49 AM,1747.0,0,0.0,1059602507.4
09:18:50 AM,1747.4,734,1282591.6,1060885099.0
09:18:50 AM,1747.65,765,1336952.25,1062222051.25
09:18:51 AM,1747.1,24,41930.399999999994,1062263981.65
09:18:51 AM,1747.7,0,0.0,1062263981.65
09:18:51 AM,1747.7,10,17477.0,1062281458.65
09:18:52 AM,1747.5,3505,6124987.5,1068406446.15
09:18:52 AM,1747.05,0,0.0,1068406446.15
09:18:52 AM,1747.05,12,20964.6,1068427410.75
09:18:53 AM,1747.05,30,52411.5,1068479822.25
09:18:53 AM,1747.65,0,0.0,1068479822.25
09:18:53 AM,1747.65,22,38448.3,1068518270.55
09:18:54 AM,1747.15,0,0.0,1068518270.55
09:18:54 AM,1747.15,10,17471.5,1068535742.05
09:18:55 AM,1747.15,1268,2215386.2,1070751128.25
09:18:55 AM,1747.85,0,0.0,1070751128.25
09:18:55 AM,1747.85,1,1747.85,1070752876.1
09:18:56 AM,1747.8,0,0.0,1070752876.1
09:18:56 AM,1747.2,6,10483.2,1070763359.3000001
09:18:56 AM,1747.8,0,0.0,1070763359.3000001
09:18:57 AM,1747.8,18,31460.399999999998,1070794819.7
09:18:57 AM,1747.7,0,0.0,1070794819.7
09:18:57 AM,1747.7,84,146806.80000000002,1070941626.5
09:18:57 AM,1747.15,0,0.0,1070941626.5
09:18:58 AM,1747.7,711,1242614.7,1072184241.2
09:18:58 AM,1747.6,232,405443.19999999995,1072589684.4000001
09:18:59 AM,1747.6,583,1018850.7999999999,1073608535.2
09:18:59 AM,1747.7,0,0.0,1073608535.2
09:18:59 AM,1747.7,334,583731.8,1074192267.0
09:18:59 AM,1747.6,0,0.0,1074192267.0
09:19:00 AM,1747.2,2625,4586400.0,1078778667.0
09:19:00 AM,1747.4,0,0.0,1078778667.0
09:19:00 AM,1747.4,1778,3106877.2,1081885544.2
09:19:00 AM,1746.95,0,0.0,1081885544.2
09:19:01 AM,1746.95,262,457700.9,1082343245.1000001
09:19:01 AM,1746.75,0,0.0,1082343245.1000001
09:19:01 AM,1746.75,246,429700.5,1082772945.6000001
09:19:02 AM,1747.1,25,43677.5,1082816623.1000001
09:19:02 AM,1746.6,56,97809.59999999999,1082914432.7
09:19:03 AM,1746.5,0,0.0,1082914432.7
09:19:03 AM,1747.1,325,567807.5,1083482240.2
09:19:04 AM,1746.4,0,0.0,1083482240.2
09:19:04 AM,1746.5,1742,3042403.0,1086524643.2
09:19:05 AM,1746.45,0,0.0,1086524643.2
09:19:05 AM,1746.45,1251,2184808.95,1088709452.15
09:19:06 AM,1747.05,0,0.0,1088709452.15
09:19:06 AM,1747.1,300,524130.0,1089233582.15
09:19:07 AM,1747.2,0,0.0,1089233582.15
09:19:07 AM,1747.2,279,487468.8,1089721050.95
09:19:07 AM,1747.2,30,52416.0,1089773466.95
09:19:08 AM,1747.15,21,36690.15,1089810157.1000001
09:19:09 AM,1747.15,625,1091968.75,1090902125.8500001
09:19:10 AM,1747.15,139,242853.85,1091144979.7
09:19:11 AM,1746.7,0,0.0,1091144979.7
09:19:11 AM,1746.7,229,399994.3,1091544974.0
09:19:12 AM,1747.4,0,0.0,1091544974.0
09:19:12 AM,1746.7,0,0.0,1091544974.0
09:19:12 AM,1747.4,333,581884.2000000001,1092126858.2
09:19:13 AM,1746.7,3,5240.1,1092132098.3
09:19:13 AM,1747.55,0,0.0,1092132098.3
09:19:13 AM,1747.15,431,753021.65,1092885119.95
09:19:14 AM,1747.6,0,0.0,1092885119.95
09:19:14 AM,1747.6,12,20971.199999999997,1092906091.15
09:19:15 AM,1748.6,0,0.0,1092906091.15
09:19:15 AM,1748.6,4453,7786515.8,1100692606.95
09:19:16 AM,1748.75,8,13990.0,1100706596.95
09:19:16 AM,1749.0,0,0.0,1100706596.95
09:19:16 AM,1749.0,36,62964.0,1100769560.95
09:19:17 AM,1748.35,0,0.0,1100769560.95
09:19:17 AM,1749.0,0,0.0,1100769560.95
09:19:17 AM,1749.0,1139,1992111.0,1102761671.95
09:19:18 AM,1749.6,0,0.0,1102761671.95
09:19:18 AM,1749.5,0,0.0,1102761671.95
09:19:18 AM,1749.65,542,948310.3,1103709982.25
09:19:19 AM,1749.3,0,0.0,1103709982.25
09:19:19 AM,1749.65,1212,2120575.8000000003,1105830558.05
09:19:20 AM,1749.45,0,0.0,1105830558.05
09:19:20 AM,1749.45,417,729520.65,1106560078.7
09:19:21 AM,1749.4,30,52482.0,1106612560.7
09:19:21 AM,1749.05,0,0.0,1106612560.7
09:19:21 AM,1749.55,0,0.0,1106612560.7
09:19:21 AM,1749.65,843,1474954.9500000002,1108087515.65
09:19:22 AM,1749.15,28,48976.200000000004,1108136491.8500001
09:19:22 AM,1749.65,0,0.0,1108136491.8500001
09:19:22 AM,1749.7,259,453172.3,1108589664.15
09:19:23 AM,1749.2,0,0.0,1108589664.15
09:19:23 AM,1749.2,877,1534048.4000000001,1110123712.5500002
09:19:24 AM,1749.8,6,10498.8,1110134211.3500001
09:19:24 AM,1749.25,0,0.0,1110134211.3500001
09:19:24 AM,1749.8,0,0.0,1110134211.3500001
09:19:24 AM,1749.8,61,106737.8,1110240949.15
09:19:25 AM,1749.25,0,0.0,1110240949.15
09:19:25 AM,1749.6,0,0.0,1110240949.15
09:19:25 AM,1749.6,3130,5476248.0,1115717197.15
09:19:26 AM,1748.95,0,0.0,1115717197.15
09:19:26 AM,1749.05,464,811559.2,1116528756.3500001
09:19:27 AM,1749.1,0,0.0,1116528756.3500001
09:19:27 AM,1749.1,518,906033.7999999999,1117434790.15
09:19:28 AM,1749.6,1,1749.6,1117436539.75
09:19:28 AM,1749.1,0,0.0,1117436539.75
09:19:28 AM,1749.25,0,0.0,1117436539.75
09:19:29 AM,1749.25,509,890368.25,1118326908.0
09:19:29 AM,1749.8,150,262470.0,1118589378.0
09:19:29 AM,1749.25,0,0.0,1118589378.0
09:19:30 AM,1749.6,136,237945.59999999998,1118827323.6
09:19:30 AM,1749.6,4,6998.4,1118834322.0
09:19:30 AM,1749.25,0,0.0,1118834322.0
09:19:30 AM,1749.6,0,0.0,1118834322.0
09:19:31 AM,1749.6,317,554623.2,1119388945.2
09:19:31 AM,1749.9,0,0.0,1119388945.2
09:19:31 AM,1749.0,0,0.0,1119388945.2
09:19:32 AM,1749.05,4129,7221827.45,1126610772.65
09:19:32 AM,1749.05,1,1749.05,1126612521.7
09:19:32 AM,1749.2,0,0.0,1126612521.7
09:19:32 AM,1749.15,0,0.0,1126612521.7
09:19:33 AM,1748.9,992,1734908.8,1128347430.5
09:19:33 AM,1748.9,2,3497.8,1128350928.3
09:19:33 AM,1748.45,0,0.0,1128350928.3
09:19:34 AM,1747.85,257,449197.44999999995,1128800125.75
09:19:34 AM,1748.45,52,90919.40000000001,1128891045.15
09:19:34 AM,1748.5,0,0.0,1128891045.15
09:19:34 AM,1747.8,0,0.0,1128891045.15
09:19:35 AM,1747.8,400,699120.0,1129590165.15
09:19:35 AM,1747.8,55,96129.0,1129686294.15
09:19:35 AM,1747.75,0,0.0,1129686294.15
09:19:36 AM,1747.75,1502,2625120.5,1132311414.65
09:19:36 AM,1747.85,0,0.0,1132311414.65
09:19:37 AM,1747.85,26,45444.1,1132356858.75
09:19:37 AM,1748.2,0,0.0,1132356858.75
09:19:37 AM,1747.95,0,0.0,1132356858.75
09:19:38 AM,1747.95,87,152071.65,1132508930.4
09:19:38 AM,1748.35,0,0.0,1132508930.4
09:19:38 AM,1748.4,0,0.0,1132508930.4
09:19:39 AM,1748.4,1067,1865542.8,1134374473.2
09:19:39 AM,1747.95,0,0.0,1134374473.2
09:19:39 AM,1748.45,0,0.0,1134374473.2
09:19:40 AM,1747.95,443,774341.85,1135148815.05
09:19:40 AM,1748.65,100,174865.0,1135323680.05
09:19:40 AM,1748.6,0,0.0,1135323680.05
09:19:41 AM,1748.6,144,251798.4,1135575478.45
09:19:41 AM,1748.0,0,0.0,1135575478.45
09:19:42 AM,1748.0,908,1587184.0,1137162662.45
09:19:42 AM,1748.9,0,0.0,1137162662.45
09:19:43 AM,1748.9,604,1056335.6,1138218998.05
09:19:43 AM,1748.15,0,0.0,1138218998.05
09:19:43 AM,1748.35,0,0.0,1138218998.05
09:19:44 AM,1748.9,1032,1804864.8,1140023862.85
09:19:45 AM,1749.3,979,1712564.7,1141736427.55
09:19:45 AM,1748.65,0,0.0,1141736427.55
09:19:46 AM,1748.9,136,237850.40000000002,1141974277.95
09:19:47 AM,1748.9,263,459960.7,1142434238.65
09:19:47 AM,1749.2,352,615718.4,1143049957.0500002
09:19:47 AM,1748.6,0,0.0,1143049957.0500002
09:19:47 AM,1749.25,0,0.0,1143049957.0500002
09:19:48 AM,1748.8,735,1285368.0,1144335325.0500002
09:19:49 AM,1749.1,20,34982.0,1144370307.0500002
09:19:49 AM,1748.6,0,0.0,1144370307.0500002
09:19:49 AM,1749.05,0,0.0,1144370307.0500002
09:19:50 AM,1749.05,120,209886.0,1144580193.0500002
09:19:51 AM,1748.8,618,1080758.4,1145660951.4500003
09:19:52 AM,1748.75,1722,3011347.5,1148672298.9500003
09:19:52 AM,1748.75,20,34975.0,1148707273.9500003
09:19:52 AM,1748.8,0,0.0,1148707273.9500003
09:19:53 AM,1748.6,118,206334.8,1148913608.7500002
09:19:53 AM,1748.9,0,0.0,1148913608.7500002
09:19:54 AM,1748.55,1882,3290771.1,1152204379.8500001
09:19:54 AM,1748.7,0,0.0,1152204379.8500001
09:19:55 AM,1748.7,1,1748.7,1152206128.5500002
09:19:55 AM,1748.55,120,209826.0,1152415954.5500002
09:19:55 AM,1748.35,0,0.0,1152415954.5500002
09:19:55 AM,1748.3,0,0.0,1152415954.5500002
09:19:56 AM,1748.5,493,862010.5,1153277965.0500002
09:19:56 AM,1748.0,1,1748.0,1153279713.0500002
09:19:58 AM,1748.2,0,0.0,1153279713.0500002
09:19:58 AM,1748.2,167,291949.4,1153571662.4500003
09:19:58 AM,1748.6,1,1748.6,1153573411.0500002
09:19:58 AM,1748.2,0,0.0,1153573411.0500002
09:19:59 AM,1748.2,1186,2073365.2,1155646776.2500002
09:19:59 AM,1748.15,0,0.0,1155646776.2500002
09:20:00 AM,1748.2,131,229014.2,1155875790.4500003
09:20:00 AM,1747.8,1495,2612961.0,1158488751.4500003
09:20:00 AM,1747.95,0,0.0,1158488751.4500003
09:20:00 AM,1747.9,0,0.0,1158488751.4500003
09:20:01 AM,1747.9,162,283159.8,1158771911.2500002
09:20:01 AM,1747.45,26,45433.700000000004,1158817344.9500003
09:20:01 AM,1747.8,0,0.0,1158817344.9500003
09:20:02 AM,1747.8,85,148563.0,1158965907.9500003
09:20:02 AM,1747.45,2,3494.9,1158969402.8500004
09:20:02 AM,1747.5,0,0.0,1158969402.8500004
09:20:02 AM,1747.45,0,0.0,1158969402.8500004
09:20:03 AM,1748.0,1628,2845744.0,1161815146.8500004
09:20:03 AM,1747.1,636,1111155.5999999999,1162926302.4500003
09:20:03 AM,1747.8,0,0.0,1162926302.4500003
09:20:04 AM,1747.95,1764,3083383.8000000003,1166009686.2500002
09:20:04 AM,1747.55,9,15727.949999999999,1166025414.2000003
09:20:04 AM,1747.95,0,0.0,1166025414.2000003
09:20:05 AM,1747.35,244,426353.39999999997,1166451767.6000004
09:20:05 AM,1747.55,0,0.0,1166451767.6000004
09:20:05 AM,1747.95,0,0.0,1166451767.6000004
09:20:06 AM,1747.5,462,807345.0,1167259112.6000004
09:20:06 AM,1748.25,1563,2732514.75,1169991627.3500004
09:20:06 AM,1748.4,0,0.0,1169991627.3500004
09:20:06 AM,1748.55,0,0.0,1169991627.3500004
09:20:07 AM,1748.1,787,1375754.7,1171367382.0500004
09:20:07 AM,1748.4,3,5245.200000000001,1171372627.2500005
09:20:07 AM,1748.05,0,0.0,1171372627.2500005
09:20:08 AM,1748.0,222,388056.0,1171760683.2500005
09:20:08 AM,1748.25,0,0.0,1171760683.2500005
09:20:09 AM,1748.05,931,1627434.55,1173388117.8000004
09:20:09 AM,1748.9,0,0.0,1173388117.8000004
09:20:09 AM,1748.5,0,0.0,1173388117.8000004
09:20:10 AM,1748.1,1428,2496286.8,1175884404.6000004
09:20:10 AM,1748.05,0,0.0,1175884404.6000004
09:20:11 AM,1748.2,2991,5228866.2,1181113270.8000004
09:20:11 AM,1747.95,1,1747.95,1181115018.7500005
09:20:12 AM,1747.25,728,1271998.0,1182387016.7500005
09:20:12 AM,1747.2,0,0.0,1182387016.7500005
09:20:13 AM,1747.25,167,291790.75,1182678807.5000005
09:20:13 AM,1747.95,0,0.0,1182678807.5000005
09:20:13 AM,1747.25,0,0.0,1182678807.5000005
09:20:14 AM,1748.15,224,391585.60000000003,1183070393.1000004
09:20:14 AM,1747.25,295,515438.75,1183585831.8500004
09:20:15 AM,1747.35,231,403637.85,1183989469.7000003
09:20:15 AM,1747.3,0,0.0,1183989469.7000003
09:20:16 AM,1746.95,3495,6105590.25,1190095059.9500003
09:20:16 AM,1747.3,85,148520.5,1190243580.4500003
09:20:16 AM,1747.4,0,0.0,1190243580.4500003
09:20:17 AM,1747.05,804,1404628.2,1191648208.6500003
09:20:17 AM,1747.5,0,0.0,1191648208.6500003
09:20:18 AM,1747.5,114,199215.0,1191847423.6500003
09:20:18 AM,1747.4,0,0.0,1191847423.6500003
09:20:19 AM,1747.4,602,1051934.8,1192899358.4500003
09:20:19 AM,1746.9,0,0.0,1192899358.4500003
09:20:20 AM,1746.5,810,1414665.0,1194314023.4500003
09:20:20 AM,1746.3,0,0.0,1194314023.4500003
09:20:21 AM,1747.0,19,33193.0,1194347216.4500003
09:20:21 AM,1746.35,253,441826.55,1194789043.0000002
09:20:22 AM,1746.35,25,43658.75,1194832701.7500002
09:20:22 AM,1746.35,366,639164.1,1195471865.8500001
09:20:23 AM,1746.95,1294,2260553.3000000003,1197732419.15
09:20:23 AM,1747.2,568,992409.6,1198724828.75
09:20:23 AM,1746.4,0,0.0,1198724828.75
09:20:24 AM,1746.9,4,6987.6,1198731816.35
09:20:24 AM,1746.4,166,289902.4,1199021718.75
09:20:24 AM,1746.9,0,0.0,1199021718.75
09:20:24 AM,1746.35,0,0.0,1199021718.75
09:20:25 AM,1746.35,80,139708.0,1199161426.75
09:20:25 AM,1746.9,220,384318.0,1199545744.75
09:20:25 AM,1746.45,0,0.0,1199545744.75
09:20:26 AM,1746.45,82,143208.9,1199688953.65
09:20:26 AM,1746.5,43,75099.5,1199764053.15
09:20:26 AM,1746.2,0,0.0,1199764053.15
09:20:27 AM,1746.75,580,1013115.0,1200777168.15
09:20:27 AM,1746.2,0,0.0,1200777168.15
09:20:28 AM,1746.2,100,174620.0,1200951788.15
09:20:29 AM,1746.2,9,15715.800000000001,1200967503.95
09:20:29 AM,1746.55,0,0.0,1200967503.95
09:20:30 AM,1746.55,296,516978.8,1201484482.75
09:20:30 AM,1746.6,0,0.0,1201484482.75
09:20:30 AM,1746.55,0,0.0,1201484482.75
09:20:31 AM,1747.1,388,677874.7999999999,1202162357.55
09:20:33 AM,1746.8,0,0.0,1202162357.55
09:20:33 AM,1746.8,100,174680.0,1202337037.55
09:20:33 AM,1746.7,0,0.0,1202337037.55
09:20:34 AM,1746.55,576,1006012.7999999999,1203343050.35
09:20:34 AM,1747.15,0,0.0,1203343050.35
09:20:35 AM,1746.55,161,281194.55,1203624244.8999999
09:20:36 AM,1747.0,150,262050.0,1203886294.8999999
09:20:36 AM,1746.55,73,127498.15,1204013793.05
09:20:37 AM,1746.95,150,262042.5,1204275835.55
09:20:37 AM,1746.55,0,0.0,1204275835.55
09:20:38 AM,1747.2,483,843897.6,1205119733.1499999
09:20:38 AM,1746.9,5,8734.5,1205128467.6499999
09:20:38 AM,1746.55,0,0.0,1205128467.6499999
09:20:38 AM,1747.0,0,0.0,1205128467.6499999
09:20:39 AM,1747.0,118,206146.0,1205334613.6499999
09:20:39 AM,1746.6,1,1746.6,1205336360.2499998
09:20:40 AM,1746.6,101,176406.59999999998,1205512766.8499997
09:20:41 AM,1746.6,141,246270.59999999998,1205759037.4499996
09:20:41 AM,1746.55,0,0.0,1205759037.4499996
09:20:42 AM,1746.55,1034,1805932.7,1207564970.1499996
09:20:43 AM,1746.6,1362,2378869.1999999997,1209943839.3499997
09:20:43 AM,1746.1,2,3492.2,1209947331.5499997
09:20:43 AM,1746.05,0,0.0,1209947331.5499997
09:20:44 AM,1746.5,97,169410.5,1210116742.0499997
09:20:44 AM,1746.0,0,0.0,1210116742.0499997
09:20:45 AM,1746.0,166,289836.0,1210406578.0499997
09:20:45 AM,1745.95,7,12221.65,1210418799.6999998
09:20:45 AM,1746.5,0,0.0,1210418799.6999998
09:20:45 AM,1746.5,50,87325.0,1210506124.6999998
09:20:45 AM,1745.95,0,0.0,1210506124.6999998
09:20:46 AM,1746.55,244,426158.2,1210932282.8999999
09:20:46 AM,1745.85,0,0.0,1210932282.8999999
09:20:46 AM,1745.85,209,364882.64999999997,1211297165.55
09:20:46 AM,1746.55,0,0.0,1211297165.55
09:20:47 AM,1746.6,148,258496.8,1211555662.35
09:20:47 AM,1746.25,0,0.0,1211555662.35
09:20:48 AM,1746.25,120,209550.0,1211765212.35
09:20:48 AM,1746.2,0,0.0,1211765212.35
09:20:48 AM,1746.2,150,261930.0,1212027142.35
09:20:48 AM,1746.05,0,0.0,1212027142.35
09:20:49 AM,1746.6,81,141474.6,1212168616.9499998
09:20:49 AM,1746.05,0,0.0,1212168616.9499998
09:20:49 AM,1746.05,20,34921.0,1212203537.9499998
09:20:50 AM,1746.05,592,1033661.6,1213237199.5499997
09:20:51 AM,1746.05,187,326511.35,1213563710.8999996
09:20:51 AM,1745.8,0,0.0,1213563710.8999996
09:20:52 AM,1745.8,331,577859.7999999999,1214141570.6999996
09:20:52 AM,1746.05,0,0.0,1214141570.6999996
09:20:53 AM,1746.45,23,40168.35,1214181739.0499995
09:20:54 AM,1746.05,90,157144.5,1214338883.5499995
09:20:54 AM,1746.05,198,345717.89999999997,1214684601.4499996
09:20:55 AM,1746.05,749,1307791.45,1215992392.8999996
09:20:55 AM,1745.75,0,0.0,1215992392.8999996
09:20:55 AM,1745.65,223,389279.95,1216381672.8499997
09:20:56 AM,1745.6,1,1745.6,1216383418.4499996
09:20:57 AM,1745.55,364,635380.2,1217018798.6499996
09:20:58 AM,1745.55,50,87277.5,1217106076.1499996
09:20:59 AM,1745.8,520,907816.0,1218013892.1499996
09:20:59 AM,1745.95,0,0.0,1218013892.1499996
09:20:59 AM,1745.55,271,473044.05,1218486936.1999996
09:21:00 AM,1745.65,313,546388.4500000001,1219033324.6499996
09:21:01 AM,1746.3,2,3492.6,1219036817.2499995
09:21:02 AM,1746.1,158,275883.8,1219312701.0499995
09:21:03 AM,1746.5,251,438371.5,1219751072.5499995
09:21:03 AM,1746.1,0,0.0,1219751072.5499995
09:21:04 AM,1746.1,20,34922.0,1219785994.5499995
09:21:05 AM,1746.1,93,162387.3,1219948381.8499994
09:21:05 AM,1746.15,0,0.0,1219948381.8499994
09:21:06 AM,1746.15,283,494160.45,1220442542.2999995
09:21:06 AM,1746.1,0,0.0,1220442542.2999995
09:21:07 AM,1746.25,663,1157763.75,1221600306.0499995
09:21:07 AM,1746.1,183,319536.3,1221919842.3499994
09:21:08 AM,1746.1,151,263661.1,1222183503.4499993
09:21:08 AM,1746.25,0,0.0,1222183503.4499993
09:21:08 AM,1746.1,0,0.0,1222183503.4499993
09:21:09 AM,1746.1,97,169371.69999999998,1222352875.1499994
09:21:10 AM,1746.7,1,1746.7,1222354621.8499994
09:21:10 AM,1746.2,0,0.0,1222354621.8499994
09:21:11 AM,1746.2,200,349240.0,1222703861.8499994
09:21:11 AM,1746.2,1487,2596599.4,1225300461.2499995
09:21:11 AM,1746.3,0,0.0,1225300461.2499995
09:21:12 AM,1746.3,54,94300.2,1225394761.4499996
09:21:12 AM,1746.15,0,0.0,1225394761.4499996
09:21:13 AM,1746.35,1022,1784769.7,1227179531.1499996
09:21:13 AM,1746.35,6,10478.099999999999,1227190009.2499995
09:21:14 AM,1746.35,876,1529802.5999999999,1228719811.8499994
09:21:14 AM,1746.35,15,26195.25,1228746007.0999994
09:21:15 AM,1746.35,9,15717.15,1228761724.2499995
09:21:15 AM,1746.35,300,523905.0,1229285629.2499995
09:21:16 AM,1746.35,2008,3506670.8,1232792300.0499995
09:21:16 AM,1746.45,1,1746.45,1232794046.4999995
09:21:16 AM,1746.15,0,0.0,1232794046.4999995
09:21:17 AM,1745.95,2987,5215152.65,1238009199.1499996
09:21:17 AM,1745.55,295,514937.25,1238524136.3999996
09:21:19 AM,1745.4,0,0.0,1238524136.3999996
09:21:19 AM,1745.05,0,0.0,1238524136.3999996
09:21:19 AM,1745.0,2177,3798865.0,1242323001.3999996
09:21:19 AM,1745.0,127,221615.0,1242544616.3999996
09:21:19 AM,1744.85,0,0.0,1242544616.3999996
09:21:20 AM,1744.85,82,143077.69999999998,1242687694.0999997
09:21:21 AM,1744.85,50,87242.5,1242774936.5999997
09:21:21 AM,1745.15,7,12216.050000000001,1242787152.6499996
09:21:21 AM,1744.8,0,0.0,1242787152.6499996
09:21:22 AM,1744.75,477,832245.75,1243619398.3999996
09:21:22 AM,1744.7,0,0.0,1243619398.3999996
09:21:23 AM,1744.7,1,1744.7,1243621143.0999997
09:21:23 AM,1744.5,0,0.0,1243621143.0999997
09:21:24 AM,1744.65,461,804283.65,1244425426.7499998
09:21:24 AM,1744.55,0,0.0,1244425426.7499998
09:21:25 AM,1744.55,466,812960.2999999999,1245238387.0499997
09:21:25 AM,1744.6,831,1449762.5999999999,1246688149.6499996
09:21:25 AM,1744.75,0,0.0,1246688149.6499996
09:21:26 AM,1744.6,320,558272.0,1247246421.6499996
09:21:27 AM,1744.6,233,406491.8,1247652913.4499996
09:21:27 AM,1744.35,2,3488.7,1247656402.1499996
09:21:28 AM,1744.25,1773,3092555.25,1250748957.3999996
09:21:28 AM,1744.3,83,144776.9,1250893734.2999997
09:21:28 AM,1744.45,0,0.0,1250893734.2999997
09:21:29 AM,1744.35,144,251186.4,1251144920.6999998
09:21:29 AM,1744.35,239,416899.64999999997,1251561820.35
09:21:29 AM,1744.05,0,0.0,1251561820.35
09:21:30 AM,1744.4,228,397723.2,1251959543.55
09:21:31 AM,1744.0,77,134288.0,1252093831.55
09:21:31 AM,1744.8,1300,2268240.0,1254362071.55
09:21:32 AM,1745.15,1000,1745150.0,1256107221.55
09:21:32 AM,1745.0,5,8725.0,1256115946.55
09:21:32 AM,1744.95,0,0.0,1256115946.55
09:21:33 AM,1744.4,509,887899.6000000001,1257003846.1499999
09:21:33 AM,1744.4,117,204094.80000000002,1257207940.9499998
09:21:34 AM,1744.4,139,242471.6,1257450412.5499997
09:21:34 AM,1744.65,21,36637.65,1257487050.1999998
09:21:35 AM,1744.65,790,1378273.5,1258865323.6999998
09:21:35 AM,1744.8,295,514716.0,1259380039.6999998
09:21:36 AM,1744.65,120,209358.0,1259589397.6999998
09:21:37 AM,1744.4,1224,2135145.6,1261724543.2999997
09:21:37 AM,1744.4,45,78498.0,1261803041.2999997
09:21:37 AM,1744.6,0,0.0,1261803041.2999997
09:21:38 AM,1744.0,1587,2767728.0,1264570769.2999997
09:21:38 AM,1744.0,201,350544.0,1264921313.2999997
09:21:39 AM,1743.9,483,842303.7000000001,1265763616.9999998
09:21:39 AM,1744.4,3,5233.200000000001,1265768850.1999998
09:21:39 AM,1744.35,0,0.0,1265768850.1999998
09:21:40 AM,1744.0,272,474368.0,1266243218.1999998
09:21:40 AM,1744.0,1,1744.0,1266244962.1999998
09:21:41 AM,1744.35,78,136059.3,1266381021.4999998
09:21:41 AM,1744.0,0,0.0,1266381021.4999998
09:21:41 AM,1744.0,792,1381248.0,1267762269.4999998
09:21:41 AM,1743.9,0,0.0,1267762269.4999998
09:21:42 AM,1743.9,93,162182.7,1267924452.1999998
09:21:42 AM,1744.1,0,0.0,1267924452.1999998
09:21:42 AM,1744.1,337,587761.7,1268512213.8999999
09:21:43 AM,1743.8,328,571966.4,1269084180.3
09:21:43 AM,1744.35,404,704717.3999999999,1269788897.7
09:21:43 AM,1743.8,0,0.0,1269788897.7
09:21:44 AM,1743.8,37,64520.6,1269853418.3
09:21:44 AM,1744.4,0,0.0,1269853418.3
09:21:44 AM,1744.4,1000,1744400.0,1271597818.3
09:21:44 AM,1744.0,0,0.0,1271597818.3
09:21:45 AM,1744.0,97,169168.0,1271766986.3
09:21:45 AM,1744.0,10,17440.0,1271784426.3
09:21:45 AM,1743.8,0,0.0,1271784426.3
09:21:46 AM,1743.9,378,659194.2000000001,1272443620.5
09:21:46 AM,1744.35,0,0.0,1272443620.5
09:21:47 AM,1743.8,1651,2879013.8,1275322634.3
09:21:47 AM,1744.0,0,0.0,1275322634.3
09:21:47 AM,1744.0,8323,14515312.0,1289837946.3
09:21:48 AM,1744.0,353,615632.0,1290453578.3
09:21:48 AM,1743.8,0,0.0,1290453578.3
09:21:48 AM,1743.8,405,706239.0,1291159817.3
09:21:49 AM,1743.8,1674,2919121.1999999997,1294078938.5
09:21:49 AM,1743.8,241,420255.8,1294499194.3
09:21:49 AM,1743.75,0,0.0,1294499194.3
09:21:50 AM,1743.75,284,495225.0,1294994419.3
09:21:50 AM,1743.95,0,0.0,1294994419.3
09:21:50 AM,1743.95,1,1743.95,1294996163.25
09:21:50 AM,1744.0,0,0.0,1294996163.25
09:21:51 AM,1744.0,100,174400.0,1295170563.25
09:21:51 AM,1743.7,0,0.0,1295170563.25
09:21:51 AM,1743.7,47,81953.90000000001,1295252517.15
09:21:51 AM,1743.95,0,0.0,1295252517.15
09:21:52 AM,1743.95,111,193578.45,1295446095.6000001
09:21:52 AM,1743.7,0,0.0,1295446095.6000001
09:21:53 AM,1743.7,826,1440296.2,1296886391.8000002
09:21:53 AM,1743.7,1,1743.7,1296888135.5000002
09:21:54 AM,1743.65,12,20923.800000000003,1296909059.3000002
09:21:54 AM,1743.65,30,52309.5,1296961368.8000002
09:21:54 AM,1743.95,0,0.0,1296961368.8000002
09:21:55 AM,1743.95,6,10463.7,1296971832.5000002
09:21:55 AM,1743.65,0,0.0,1296971832.5000002
09:21:55 AM,1743.65,922,1607645.3,1298579477.8000002
09:21:55 AM,1743.2,0,0.0,1298579477.8000002
09:21:56 AM,1743.05,85,148159.25,1298727637.0500002
09:21:56 AM,1743.0,119,207417.0,1298935054.0500002
09:21:56 AM,1743.55,0,0.0,1298935054.0500002
09:21:57 AM,1743.55,84,146458.19999999998,1299081512.2500002
09:21:57 AM,1743.1,0,0.0,1299081512.2500002
09:21:57 AM,1743.1,2,3486.2,1299084998.4500003
09:21:58 AM,1743.1,82,142934.19999999998,1299227932.6500003
09:21:58 AM,1743.1,102,177796.19999999998,1299405728.8500004
09:21:58 AM,1743.55,0,0.0,1299405728.8500004
09:21:59 AM,1743.1,16,27889.6,1299433618.4500003
09:21:59 AM,1743.0,0,0.0,1299433618.4500003
09:21:59 AM,1743.0,432,752976.0,1300186594.4500003
09:22:00 AM,1743.0,104,181272.0,1300367866.4500003
09:22:00 AM,1742.8,0,0.0,1300367866.4500003
09:22:00 AM,1742.75,1491,2598440.25,1302966306.7000003
09:22:01 AM,1742.7,540,941058.0,1303907364.7000003
09:22:01 AM,1742.8,113,196936.4,1304104301.1000004
09:22:02 AM,1743.15,899,1567091.85,1305671392.9500003
09:22:02 AM,1742.6,0,0.0,1305671392.9500003
09:22:02 AM,1742.6,1020,1777452.0,1307448844.9500003
09:22:03 AM,1742.6,27,47050.2,1307495895.1500003
09:22:03 AM,1742.95,0,0.0,1307495895.1500003
09:22:03 AM,1742.6,375,653475.0,1308149370.1500003
09:22:04 AM,1742.8,4,6971.2,1308156341.3500004
09:22:04 AM,1743.3,0,0.0,1308156341.3500004
09:22:04 AM,1743.3,100,174330.0,1308330671.3500004
09:22:05 AM,1742.65,55,95845.75,1308426517.1000004
09:22:05 AM,1742.6,0,0.0,1308426517.1000004
09:22:05 AM,1742.6,453,789397.7999999999,1309215914.9000003
09:22:05 AM,1743.3,0,0.0,1309215914.9000003
09:22:06 AM,1742.65,822,1432458.3,1310648373.2000003
09:22:06 AM,1742.6,0,0.0,1310648373.2000003
09:22:06 AM,1742.6,146,254419.59999999998,1310902792.8000002
09:22:07 AM,1742.6,350,609910.0,1311512702.8000002
09:22:07 AM,1742.6,163,284043.8,1311796746.6000001
09:22:08 AM,1742.6,50,87130.0,1311883876.6000001
09:22:08 AM,1742.6,13,22653.8,1311906530.4
09:22:09 AM,1742.95,54,94119.3,1312000649.7
09:22:09 AM,1743.0,0,0.0,1312000649.7
09:22:09 AM,1743.0,50,87150.0,1312087799.7
09:22:09 AM,1743.3,0,0.0,1312087799.7
09:22:10 AM,1743.0,293,510699.0,1312598498.7
09:22:10 AM,1743.0,104,181272.0,1312779770.7
09:22:11 AM,1743.0,375,653625.0,1313433395.7
09:22:11 AM,1743.0,1172,2042796.0,1315476191.7
09:22:12 AM,1743.0,3261,5683923.0,1321160114.7
09:22:13 AM,1743.0,311,542073.0,1321702187.7
09:22:13 AM,1743.15,0,0.0,1321702187.7
09:22:14 AM,1743.15,117,203948.55000000002,1321906136.25
09:22:15 AM,1742.9,0,0.0,1321906136.25
09:22:15 AM,1742.9,1110,1934619.0,1323840755.25
09:22:16 AM,1743.45,0,0.0,1323840755.25
09:22:16 AM,1743.45,325,566621.25,1324407376.5
09:22:17 AM,1742.95,0,0.0,1324407376.5
09:22:17 AM,1742.95,100,174295.0,1324581671.5
09:22:17 AM,1743.25,0,0.0,1324581671.5
09:22:18 AM,1743.2,0,0.0,1324581671.5
09:22:18 AM,1743.2,45,78444.0,1324660115.5
09:22:18 AM,1743.45,31,54046.950000000004,1324714162.45
09:22:18 AM,1743.5,0,0.0,1324714162.45
09:22:19 AM,1743.7,0,0.0,1324714162.45
09:22:19 AM,1743.7,1549,2700991.3000000003,1327415153.75
09:22:20 AM,1743.4,0,0.0,1327415153.75
09:22:20 AM,1743.4,152,264996.8,1327680150.55
09:22:21 AM,1743.5,0,0.0,1327680150.55
09:22:21 AM,1743.5,19,33126.5,1327713277.05
09:22:22 AM,1743.5,481,838623.5,1328551900.55
09:22:23 AM,1743.45,0,0.0,1328551900.55
09:22:23 AM,1743.45,1630,2841823.5,1331393724.05
09:22:23 AM,1743.8,10,17438.0,1331411162.05
09:22:24 AM,1743.5,0,0.0,1331411162.05
09:22:24 AM,1743.5,37,64509.5,1331475671.55
09:22:24 AM,1743.75,0,0.0,1331475671.55
09:22:25 AM,1743.5,0,0.0,1331475671.55
09:22:25 AM,1743.5,1240,2161940.0,1333637611.55
09:22:25 AM,1743.8,0,0.0,1333637611.55
09:22:26 AM,1743.45,0,0.0,1333637611.55
09:22:26 AM,1743.75,647,1128206.25,1334765817.8
09:22:26 AM,1743.45,0,0.0,1334765817.8
09:22:27 AM,1743.45,78,135989.1,1334901806.8999999
09:22:27 AM,1743.45,213,371354.85000000003,1335273161.7499998
09:22:28 AM,1743.5,0,0.0,1335273161.7499998
09:22:28 AM,1743.5,590,1028665.0,1336301826.7499998
09:22:28 AM,1743.3,0,0.0,1336301826.7499998
09:22:29 AM,1743.4,0,0.0,1336301826.7499998
09:22:29 AM,1743.4,1344,2343129.6,1338644956.3499997
09:22:29 AM,1743.0,0,0.0,1338644956.3499997
09:22:30 AM,1743.25,0,0.0,1338644956.3499997
09:22:30 AM,1743.25,748,1303951.0,1339948907.3499997
09:22:30 AM,1743.5,0,0.0,1339948907.3499997
09:22:31 AM,1743.3,0,0.0,1339948907.3499997
09:22:31 AM,1743.7,490,854413.0,1340803320.3499997
09:22:31 AM,1743.3,1,1743.3,1340805063.6499996
09:22:32 AM,1743.5,0,0.0,1340805063.6499996
09:22:32 AM,1743.5,3,5230.5,1340810294.1499996
09:22:33 AM,1743.3,0,0.0,1340810294.1499996
09:22:33 AM,1743.3,139,242318.69999999998,1341052612.8499997
09:22:34 AM,1743.7,0,0.0,1341052612.8499997
09:22:34 AM,1743.45,779,1358147.55,1342410760.3999996
09:22:35 AM,1743.5,212,369622.0,1342780382.3999996
09:22:35 AM,1743.7,0,0.0,1342780382.3999996
09:22:35 AM,1743.7,5,8718.5,1342789100.8999996
09:22:36 AM,1744.0,259,451696.0,1343240796.8999996
09:22:36 AM,1744.0,389,678416.0,1343919212.8999996
09:22:37 AM,1744.0,112,195328.0,1344114540.8999996
09:22:37 AM,1743.65,0,0.0,1344114540.8999996
09:22:37 AM,1743.65,204,355704.60000000003,1344470245.4999995
09:22:38 AM,1744.1,4218,7356613.8,1351826859.2999995
09:22:38 AM,1744.0,0,0.0,1351826859.2999995
09:22:38 AM,1744.0,108,188352.0,1352015211.2999995
09:22:39 AM,1744.0,220,383680.0,1352398891.2999995
09:22:39 AM,1744.4,0,0.0,1352398891.2999995
09:22:39 AM,1744.4,552,962908.8,1353361800.0999994
09:22:40 AM,1744.15,0,0.0,1353361800.0999994
09:22:40 AM,1744.15,500,872075.0,1354233875.0999994
09:22:41 AM,1744.65,0,0.0,1354233875.0999994
09:22:41 AM,1744.15,0,0.0,1354233875.0999994
09:22:41 AM,1744.15,965,1683104.75,1355916979.8499994
09:22:42 AM,1744.35,1,1744.35,1355918724.1999993
09:22:42 AM,1744.15,0,0.0,1355918724.1999993
09:22:42 AM,1743.65,0,0.0,1355918724.1999993
09:22:42 AM,1743.65,1785,3112415.25,1359031139.4499993
09:22:43 AM,1743.65,1,1743.65,1359032883.0999994
09:22:43 AM,1743.65,335,584122.75,1359617005.8499994
09:22:44 AM,1743.65,666,1161270.9000000001,1360778276.7499995
09:22:45 AM,1743.65,300,523095.0,1361301371.7499995
09:22:45 AM,1743.65,96,167390.40000000002,1361468762.1499996
09:22:46 AM,1743.65,45,78464.25,1361547226.3999996
09:22:46 AM,1743.4,44,76709.6,1361623935.9999995
09:22:47 AM,1743.9,505,880669.5,1362504605.4999995
09:22:47 AM,1743.85,0,0.0,1362504605.4999995
09:22:47 AM,1743.5,0,0.0,1362504605.4999995
09:22:47 AM,1743.4,32,55788.8,1362560394.2999995
09:22:48 AM,1743.9,317,552816.3,1363113210.5999994
09:22:48 AM,1743.65,0,0.0,1363113210.5999994
09:22:48 AM,1743.65,178,310369.7,1363423580.2999995
09:22:49 AM,1743.4,10,17434.0,1363441014.2999995
09:22:49 AM,1743.95,0,0.0,1363441014.2999995
09:22:49 AM,1743.95,223,388900.85000000003,1363829915.1499994
09:22:50 AM,1743.4,0,0.0,1363829915.1499994
09:22:50 AM,1743.4,114,198747.6,1364028662.7499993
09:22:51 AM,1743.9,1,1743.9,1364030406.6499994
09:22:51 AM,1743.4,0,0.0,1364030406.6499994
09:22:51 AM,1744.0,0,0.0,1364030406.6499994
09:22:51 AM,1744.0,51,88944.0,1364119350.6499994
09:22:52 AM,1743.9,0,0.0,1364119350.6499994
09:22:52 AM,1743.4,0,0.0,1364119350.6499994
09:22:52 AM,1743.4,217,378317.80000000005,1364497668.4499993
09:22:53 AM,1743.9,0,0.0,1364497668.4499993
09:22:53 AM,1743.45,0,0.0,1364497668.4499993
09:22:53 AM,1743.4,67,116807.8,1364614476.2499993
09:22:54 AM,1743.4,18,31381.2,1364645857.4499993
09:22:55 AM,1743.5,26,45331.0,1364691188.4499993
09:22:55 AM,1743.35,0,0.0,1364691188.4499993
09:22:55 AM,1743.8,0,0.0,1364691188.4499993
09:22:55 AM,1743.8,4905,8553339.0,1373244527.4499993
09:22:56 AM,1743.8,1,1743.8,1373246271.2499993
09:22:56 AM,1743.4,0,0.0,1373246271.2499993
09:22:56 AM,1743.4,40,69736.0,1373316007.2499993
09:22:57 AM,1743.45,1,1743.45,1373317750.6999993
09:22:57 AM,1743.8,0,0.0,1373317750.6999993
09:22:57 AM,1743.4,0,0.0,1373317750.6999993
09:22:57 AM,1743.4,854,1488863.6,1374806614.2999992
09:22:58 AM,1743.4,1051,1832313.4000000001,1376638927.6999993
09:22:58 AM,1743.8,0,0.0,1376638927.6999993
09:22:58 AM,1743.9,0,0.0,1376638927.6999993
09:22:58 AM,1743.9,106,184853.40000000002,1376823781.0999994
09:22:59 AM,1743.8,0,0.0,1376823781.0999994
09:22:59 AM,1743.8,20,34876.0,1376858657.0999994
09:23:00 AM,1743.8,1,1743.8,1376860400.8999994
09:23:01 AM,1743.45,5,8717.25,1376869118.1499994
09:23:01 AM,1743.8,20,34876.0,1376903994.1499994
09:23:02 AM,1743.45,1676,2922022.2,1379826016.3499994
09:23:02 AM,1743.4,0,0.0,1379826016.3499994
09:23:02 AM,1744.0,0,0.0,1379826016.3499994
09:23:02 AM,1744.0,6991,12192304.0,1392018320.3499994
09:23:03 AM,1743.35,214,373076.89999999997,1392391397.2499995
09:23:03 AM,1743.4,0,0.0,1392391397.2499995
09:23:04 AM,1743.4,56,97630.40000000001,1392489027.6499996
09:23:04 AM,1743.05,1903,3317024.15,1395806051.7999997
09:23:04 AM,1743.3,0,0.0,1395806051.7999997
09:23:05 AM,1743.0,651,1134693.0,1396940744.7999997
09:23:05 AM,1742.85,0,0.0,1396940744.7999997
09:23:06 AM,1742.85,412,718054.2,1397658798.9999998
09:23:06 AM,1743.0,0,0.0,1397658798.9999998
09:23:07 AM,1742.8,666,1160704.8,1398819503.7999997
09:23:08 AM,1742.8,316,550724.7999999999,1399370228.5999997
09:23:08 AM,1743.2,21,36607.200000000004,1399406835.7999997
09:23:08 AM,1742.55,0,0.0,1399406835.7999997
09:23:09 AM,1742.55,419,730128.45,1400136964.2499998
09:23:09 AM,1742.85,0,0.0,1400136964.2499998
09:23:10 AM,1742.85,536,934167.6,1401071131.8499997
09:23:10 AM,1742.25,0,0.0,1401071131.8499997
09:23:10 AM,1742.35,0,0.0,1401071131.8499997
09:23:11 AM,1742.35,104,181204.4,1401252336.2499998
09:23:12 AM,1742.8,128,223078.4,1401475414.6499999
09:23:12 AM,1742.75,10,17427.5,1401492842.1499999
09:23:12 AM,1742.35,0,0.0,1401492842.1499999
09:23:13 AM,1742.35,100,174235.0,1401667077.1499999
09:23:13 AM,1742.6,630,1097838.0,1402764915.1499999
09:23:13 AM,1742.0,0,0.0,1402764915.1499999
09:23:14 AM,1742.6,1551,2702772.5999999996,1405467687.7499998
09:23:15 AM,1742.4,103,179467.2,1405647154.9499998
09:23:15 AM,1742.4,134,233481.6,1405880636.5499997
09:23:16 AM,1742.6,113,196913.8,1406077550.3499997
09:23:16 AM,1742.4,70,121968.0,1406199518.3499997
09:23:17 AM,1742.4,752,1310284.8,1407509803.1499996
09:23:17 AM,1742.6,101,176002.59999999998,1407685805.7499995
09:23:18 AM,1742.4,150,261360.0,1407947165.7499995
09:23:18 AM,1742.6,118,205626.8,1408152792.5499995
09:23:18 AM,1742.95,0,0.0,1408152792.5499995
09:23:19 AM,1742.4,3,5227.200000000001,1408158019.7499995
09:23:19 AM,1742.4,85,148104.0,1408306123.7499995
09:23:20 AM,1742.4,63,109771.20000000001,1408415894.9499996
09:23:20 AM,1743.1,427,744303.7,1409160198.6499996
09:23:21 AM,1742.5,287,500097.5,1409660296.1499996
09:23:22 AM,1742.5,54,94095.0,1409754391.1499996
09:23:23 AM,1742.5,112,195160.0,1409949551.1499996
09:23:23 AM,1742.75,50,87137.5,1410036688.6499996
09:23:23 AM,1742.5,0,0.0,1410036688.6499996
09:23:24 AM,1742.5,1950,3397875.0,1413434563.6499996
09:23:24 AM,1742.5,1,1742.5,1413436306.1499996
09:23:24 AM,1742.95,0,0.0,1413436306.1499996
09:23:25 AM,1742.7,762,1327937.4000000001,1414764243.5499997
09:23:25 AM,1742.5,29,50532.5,1414814776.0499997
09:23:26 AM,1743.0,100,174300.0,1414989076.0499997
09:23:27 AM,1742.5,230,400775.0,1415389851.0499997
09:23:27 AM,1742.5,323,562827.5,1415952678.5499997
09:23:28 AM,1742.5,26,45305.0,1415997983.5499997
09:23:28 AM,1742.95,0,0.0,1415997983.5499997
09:23:29 AM,1742.5,380,662150.0,1416660133.5499997
09:23:30 AM,1742.5,71,123717.5,1416783851.0499997
09:23:30 AM,1742.5,108,188190.0,1416972041.0499997
09:23:30 AM,1742.95,0,0.0,1416972041.0499997
09:23:31 AM,1742.95,98,170809.1,1417142850.1499996
09:23:31 AM,1742.55,7,12197.85,1417155047.9999995
09:23:32 AM,1742.55,295,514052.25,1417669100.2499995
09:23:32 AM,1743.0,599,1044057.0,1418713157.2499995
09:23:33 AM,1742.6,73,127209.79999999999,1418840367.0499995
09:23:33 AM,1743.0,121,210903.0,1419051270.0499995
09:23:34 AM,1742.6,422,735377.2,1419786647.2499995
09:23:34 AM,1743.0,1,1743.0,1419788390.2499995
09:23:35 AM,1742.6,443,771971.7999999999,1420560362.0499995
09:23:36 AM,1743.05,1339,2333943.9499999997,1422894305.9999995
09:23:36 AM,1743.05,10,17430.5,1422911736.4999995
09:23:38 AM,1743.05,5,8715.25,1422920451.7499995
09:23:38 AM,1743.05,180,313749.0,1423234200.7499995
09:23:39 AM,1743.05,1527,2661637.35,1425895838.0999994
09:23:39 AM,1743.15,0,0.0,1425895838.0999994
09:23:40 AM,1743.05,323,563005.15,1426458843.2499995
09:23:41 AM,1743.45,1,1743.45,1426460586.6999996
09:23:41 AM,1743.45,167,291156.15,1426751742.8499997
09:23:42 AM,1743.05,193,336408.64999999997,1427088151.4999998
09:23:42 AM,1744.1,0,0.0,1427088151.4999998
09:23:42 AM,1744.1,3566,6219460.6,1433307612.0999997
09:23:43 AM,1743.8,8,13950.4,1433321562.4999998
09:23:44 AM,1743.8,2308,4024690.4,1437346252.8999999
09:23:44 AM,1743.8,1415,2467477.0,1439813729.8999999
09:23:45 AM,1743.6,210,366156.0,1440179885.8999999
09:23:46 AM,1743.9,12,20926.800000000003,1440200812.6999998
09:23:47 AM,1743.4,3132,5460328.800000001,1445661141.4999998
09:23:48 AM,1743.35,308,536951.7999999999,1446198093.2999997
09:23:48 AM,1743.6,60,104616.0,1446302709.2999997
09:23:49 AM,1743.35,864,1506254.4,1447808963.6999998
09:23:49 AM,1743.35,200,348670.0,1448157633.6999998
09:23:50 AM,1743.35,107,186538.44999999998,1448344172.1499999
09:23:50 AM,1743.35,15,26150.25,1448370322.3999999
09:23:51 AM,1743.75,500,871875.0,1449242197.3999999
09:23:52 AM,1743.35,54,94140.9,1449336338.3
09:23:53 AM,1743.35,559,974532.6499999999,1450310870.95
09:23:53 AM,1743.35,279,486394.64999999997,1450797265.6000001
09:23:54 AM,1743.75,25,43593.75,1450840859.3500001
09:23:54 AM,1743.0,0,0.0,1450840859.3500001
09:23:55 AM,1743.0,6506,11339958.0,1462180817.3500001
09:23:55 AM,1743.0,1,1743.0,1462182560.3500001
09:23:56 AM,1742.7,632,1101386.4000000001,1463283946.7500002
09:23:57 AM,1743.0,1865,3250695.0,1466534641.7500002
09:23:58 AM,1743.0,5,8715.0,1466543356.7500002
09:23:59 AM,1742.8,3239,5644929.2,1472188285.9500003
09:24:00 AM,1742.9,6,10457.400000000001,1472198743.3500004
09:24:01 AM,1742.8,2404,4189691.1999999997,1476388434.5500004
09:24:02 AM,1742.8,1,1742.8,1476390177.3500004
09:24:03 AM,1742.65,0,0.0,1476390177.3500004
09:24:03 AM,1742.75,1795,3128236.25,1479518413.6000004
09:24:03 AM,1742.5,132,230010.0,1479748423.6000004
09:24:04 AM,1742.6,98,170774.8,1479919198.4000003
09:24:04 AM,1742.5,4,6970.0,1479926168.4000003
09:24:05 AM,1742.6,457,796368.2,1480722536.6000004
09:24:06 AM,1742.6,113,196913.8,1480919450.4000003
09:24:06 AM,1742.5,0,0.0,1480919450.4000003
09:24:06 AM,1742.5,2292,3993810.0,1484913260.4000003
09:24:07 AM,1742.6,475,827735.0,1485740995.4000003
09:24:08 AM,1742.5,2,3485.0,1485744480.4000003
09:24:08 AM,1742.5,3,5227.5,1485749707.9000003
09:24:09 AM,1742.7,30,52281.0,1485801988.9000003
09:24:09 AM,1742.5,0,0.0,1485801988.9000003
09:24:09 AM,1742.5,404,703970.0,1486505958.9000003
09:24:10 AM,1742.45,0,0.0,1486505958.9000003
09:24:10 AM,1742.45,4534,7900268.3,1494406227.2000003
09:24:10 AM,1742.4,0,0.0,1494406227.2000003
09:24:11 AM,1742.4,1,1742.4,1494407969.6000004
09:24:11 AM,1742.2,626,1090617.2,1495498586.8000004
09:24:11 AM,1742.4,0,0.0,1495498586.8000004
09:24:12 AM,1742.0,721,1255982.0,1496754568.8000004
09:24:12 AM,1742.25,2409,4197080.25,1500951649.0500004
09:24:13 AM,1742.45,439,764935.55,1501716584.6000004
09:24:13 AM,1742.0,0,0.0,1501716584.6000004
09:24:13 AM,1742.0,410,714220.0,1502430804.6000004
09:24:14 AM,1742.35,0,0.0,1502430804.6000004
09:24:15 AM,1742.35,31,54012.85,1502484817.4500003
09:24:15 AM,1742.05,0,0.0,1502484817.4500003
09:24:15 AM,1742.05,254,442480.7,1502927298.1500003
09:24:15 AM,1742.35,0,0.0,1502927298.1500003
09:24:16 AM,1742.0,444,773448.0,1503700746.1500003
09:24:16 AM,1742.0,25,43550.0,1503744296.1500003
09:24:17 AM,1742.0,130,226460.0,1503970756.1500003
09:24:18 AM,1742.0,525,914550.0,1504885306.1500003
09:24:18 AM,1742.0,111,193362.0,1505078668.1500003
09:24:19 AM,1742.15,0,0.0,1505078668.1500003
09:24:19 AM,1742.5,2539,4424207.5,1509502875.6500003
09:24:20 AM,1742.15,0,0.0,1509502875.6500003
09:24:20 AM,1742.15,140,243901.0,1509746776.6500003
09:24:21 AM,1742.3,1,1742.3,1509748518.9500003
09:24:21 AM,1742.3,616,1073256.8,1510821775.7500002
09:24:22 AM,1742.3,232,404213.6,1511225989.3500001
09:24:22 AM,1742.75,0,0.0,1511225989.3500001
09:24:22 AM,1742.75,13,22655.75,1511248645.1000001
09:24:23 AM,1742.35,8,13938.8,1511262583.9
09:24:23 AM,1742.35,43,74921.05,1511337504.95
09:24:24 AM,1742.75,95,165561.25,1511503066.2
09:24:24 AM,1742.35,0,0.0,1511503066.2
09:24:24 AM,1742.35,371,646411.85,1512149478.05
09:24:26 AM,1742.35,59,102798.65,1512252276.7
09:24:26 AM,1742.55,0,0.0,1512252276.7
09:24:26 AM,1742.75,0,0.0,1512252276.7
09:24:27 AM,1742.75,810,1411627.5,1513663904.2
09:24:27 AM,1742.75,249,433944.75,1514097848.95
09:24:27 AM,1742.55,0,0.0,1514097848.95
09:24:28 AM,1742.55,149,259639.94999999998,1514357488.9
09:24:28 AM,1743.1,0,0.0,1514357488.9
09:24:29 AM,1743.1,539,939530.8999999999,1515297019.8000002
09:24:29 AM,1743.0,0,0.0,1515297019.8000002
09:24:30 AM,1743.0,5863,10219209.0,1525516228.8000002
09:24:30 AM,1743.35,26,45327.1,1525561555.9
09:24:30 AM,1743.1,0,0.0,1525561555.9
09:24:31 AM,1743.1,1035,1804108.5,1527365664.4
09:24:31 AM,1743.35,0,0.0,1527365664.4
09:24:31 AM,1743.1,0,0.0,1527365664.4
09:24:32 AM,1743.1,1109,1933097.9,1529298762.3000002
09:24:32 AM,1743.1,300,522930.0,1529821692.3000002
09:24:32 AM,1743.2,0,0.0,1529821692.3000002
09:24:33 AM,1743.35,212,369590.19999999995,1530191282.5000002
09:24:33 AM,1743.7,0,0.0,1530191282.5000002
09:24:33 AM,1743.2,0,0.0,1530191282.5000002
09:24:34 AM,1743.2,392,683334.4,1530874616.9000003
09:24:34 AM,1743.7,0,0.0,1530874616.9000003
09:24:34 AM,1743.8,0,0.0,1530874616.9000003
09:24:35 AM,1743.8,237,413280.6,1531287897.5000002
09:24:35 AM,1743.5,0,0.0,1531287897.5000002
09:24:36 AM,1743.45,382,665997.9,1531953895.4000003
09:24:36 AM,1743.5,1,1743.5,1531955638.9000003
09:24:36 AM,1743.8,0,0.0,1531955638.9000003
09:24:36 AM,1744.15,0,0.0,1531955638.9000003
09:24:37 AM,1743.55,943,1644167.65,1533599806.5500004
09:24:38 AM,1744.15,1293,2255185.95,1535854992.5000005
09:24:39 AM,1743.8,0,0.0,1535854992.5000005
09:24:39 AM,1744.1,0,0.0,1535854992.5000005
09:24:40 AM,1744.1,112,195339.19999999998,1536050331.7000005
09:24:40 AM,1744.15,56,97672.40000000001,1536148004.1000006
09:24:40 AM,1744.1,0,0.0,1536148004.1000006
09:24:41 AM,1744.45,178,310512.10000000003,1536458516.2000005
09:24:42 AM,1744.45,2393,4174468.85,1540632985.0500004
09:24:42 AM,1745.05,841,1467587.05,1542100572.1000004
09:24:42 AM,1745.1,0,0.0,1542100572.1000004
09:24:42 AM,1744.75,0,0.0,1542100572.1000004
09:24:43 AM,1744.2,5664,9879148.8,1551979720.9000003
09:24:44 AM,1744.35,0,0.0,1551979720.9000003
09:24:44 AM,1744.35,194,338403.89999999997,1552318124.8000004
09:24:44 AM,1744.1,0,0.0,1552318124.8000004
09:24:45 AM,1744.1,922,1608060.2,1553926185.0000005
09:24:45 AM,1744.0,0,0.0,1553926185.0000005
09:24:46 AM,1744.1,0,0.0,1553926185.0000005
09:24:46 AM,1744.1,823,1435394.2999999998,1555361579.3000004
09:24:47 AM,1744.5,0,0.0,1555361579.3000004
09:24:47 AM,1744.5,451,786769.5,1556148348.8000004
09:24:47 AM,1744.0,0,0.0,1556148348.8000004
09:24:48 AM,1744.0,20,34880.0,1556183228.8000004
09:24:48 AM,1744.55,0,0.0,1556183228.8000004
09:24:49 AM,1744.5,0,0.0,1556183228.8000004
09:24:49 AM,1744.3,137,238969.1,1556422197.9000003
09:24:49 AM,1744.6,0,0.0,1556422197.9000003
09:24:50 AM,1744.35,0,0.0,1556422197.9000003
09:24:50 AM,1744.35,5063,8831644.049999999,1565253841.9500003
09:24:51 AM,1744.35,3082,5376086.699999999,1570629928.6500003
09:24:53 AM,1744.3,316,551198.7999999999,1571181127.4500003
09:24:54 AM,1744.25,0,0.0,1571181127.4500003
09:24:54 AM,1744.0,741,1292304.0,1572473431.4500003
09:24:54 AM,1744.1,1,1744.1,1572475175.5500002
09:24:54 AM,1743.45,0,0.0,1572475175.5500002
09:24:55 AM,1743.95,0,0.0,1572475175.5500002
09:24:55 AM,1743.95,820,1430039.0,1573905214.5500002
09:24:56 AM,1743.35,0,0.0,1573905214.5500002
09:24:56 AM,1743.2,159,277168.8,1574182383.3500001
09:24:56 AM,1743.9,0,0.0,1574182383.3500001
09:24:57 AM,1743.9,578,1007974.2000000001,1575190357.5500002
09:24:57 AM,1743.35,45,78450.75,1575268808.3000002
09:24:58 AM,1743.5,49,85431.5,1575354239.8000002
09:24:59 AM,1743.35,46,80194.09999999999,1575434433.9
09:24:59 AM,1743.9,55,95914.5,1575530348.4
09:25:00 AM,1743.9,39,68012.1,1575598360.5
09:25:00 AM,1743.4,0,0.0,1575598360.5
09:25:00 AM,1743.4,389,678182.6000000001,1576276543.1
09:25:01 AM,1743.9,1,1743.9,1576278287.0
09:25:01 AM,1744.0,0,0.0,1576278287.0
09:25:02 AM,1743.75,424,739350.0,1577017637.0
09:25:03 AM,1743.75,301,524868.75,1577542505.75
09:25:04 AM,1743.75,684,1192725.0,1578735230.75
09:25:04 AM,1743.5,0,0.0,1578735230.75
09:25:05 AM,1743.85,7,12206.949999999999,1578747437.7
09:25:06 AM,1743.85,3,5231.549999999999,1578752669.25
09:25:06 AM,1743.5,0,0.0,1578752669.25
09:25:07 AM,1743.5,724,1262294.0,1580014963.25
09:25:08 AM,1743.5,2,3487.0,1580018450.25
09:25:09 AM,1743.55,612,1067052.5999999999,1581085502.85
09:25:09 AM,1743.5,0,0.0,1581085502.85
09:25:09 AM,1743.5,10,17435.0,1581102937.85
09:25:10 AM,1743.55,0,0.0,1581102937.85
09:25:10 AM,1743.9,1506,2626313.4,1583729251.25
09:25:11 AM,1743.5,0,0.0,1583729251.25
09:25:11 AM,1743.5,228,397518.0,1584126769.25
09:25:11 AM,1743.55,0,0.0,1584126769.25
09:25:12 AM,1743.55,69,120304.95,1584247074.2
09:25:12 AM,1743.5,15,26152.5,1584273226.7
09:25:14 AM,1743.5,280,488180.0,1584761406.7
09:25:15 AM,1743.9,0,0.0,1584761406.7
09:25:15 AM,1743.9,43,74987.7,1584836394.4
09:25:15 AM,1744.2,0,0.0,1584836394.4
09:25:16 AM,1743.9,817,1424766.3,1586261160.7
09:25:17 AM,1744.5,155,270397.5,1586531558.2
09:25:18 AM,1744.2,64,111628.8,1586643187.0
09:25:18 AM,1744.5,0,0.0,1586643187.0
09:25:18 AM,1744.5,5,8722.5,1586651909.5
09:25:18 AM,1744.2,0,0.0,1586651909.5
09:25:19 AM,1743.95,1273,2220048.35,1588871957.85
09:25:20 AM,1744.2,729,1271521.8,1590143479.6499999
09:25:20 AM,1744.2,1,1744.2,1590145223.85
09:25:21 AM,1744.45,0,0.0,1590145223.85
09:25:21 AM,1744.45,69,120367.05,1590265590.8999999
09:25:22 AM,1744.2,0,0.0,1590265590.8999999
09:25:22 AM,1744.45,0,0.0,1590265590.8999999
09:25:23 AM,1744.45,162,282600.9,1590548191.8
09:25:23 AM,1744.45,3,5233.35,1590553425.1499999
09:25:23 AM,1744.5,0,0.0,1590553425.1499999
09:25:23 AM,1744.6,0,0.0,1590553425.1499999
09:25:24 AM,1744.6,75,130845.0,1590684270.1499999
09:25:24 AM,1745.05,0,0.0,1590684270.1499999
09:25:25 AM,1744.95,1221,2130583.95,1592814854.1
09:25:25 AM,1745.35,47,82031.45,1592896885.55
09:25:26 AM,1745.15,0,0.0,1592896885.55
09:25:26 AM,1745.15,402,701550.3,1593598435.85
09:25:27 AM,1745.15,374,652686.1,1594251121.9499998
09:25:28 AM,1745.15,52,90747.8,1594341869.7499998
09:25:29 AM,1745.0,0,0.0,1594341869.7499998
09:25:29 AM,1745.0,6113,10667185.0,1605009054.7499998
09:25:29 AM,1745.35,15,26180.25,1605035234.9999998
09:25:29 AM,1745.1,0,0.0,1605035234.9999998
09:25:29 AM,1745.1,118,205921.8,1605241156.7999997
09:25:30 AM,1744.95,313,546169.35,1605787326.1499996
09:25:30 AM,1744.65,0,0.0,1605787326.1499996
09:25:31 AM,1744.7,347,605410.9,1606392737.0499997
09:25:31 AM,1744.7,1,1744.7,1606394481.7499998
09:25:31 AM,1744.2,0,0.0,1606394481.7499998
09:25:32 AM,1744.2,366,638377.2000000001,1607032858.9499998
09:25:32 AM,1744.2,151,263374.2,1607296233.1499999
09:25:33 AM,1744.55,13,22679.149999999998,1607318912.3
09:25:34 AM,1743.9,0,0.0,1607318912.3
09:25:34 AM,1743.9,263,458645.7,1607777558.0
09:25:34 AM,1744.05,50,87202.5,1607864760.5
09:25:35 AM,1744.25,0,0.0,1607864760.5
09:25:35 AM,1744.15,0,0.0,1607864760.5
09:25:36 AM,1744.15,216,376736.4,1608241496.9
09:25:36 AM,1744.2,0,0.0,1608241496.9
09:25:37 AM,1744.35,289,504117.14999999997,1608745614.0500002
09:25:37 AM,1743.6,0,0.0,1608745614.0500002
09:25:37 AM,1744.25,0,0.0,1608745614.0500002
09:25:38 AM,1744.25,309,538973.25,1609284587.3000002
09:25:38 AM,1743.65,0,0.0,1609284587.3000002
09:25:39 AM,1743.65,116,202263.40000000002,1609486850.7000003
09:25:39 AM,1744.25,0,0.0,1609486850.7000003
09:25:40 AM,1743.65,100,174365.0,1609661215.7000003
09:25:40 AM,1743.4,0,0.0,1609661215.7000003
09:25:41 AM,1743.4,2500,4358500.0,1614019715.7000003
09:25:41 AM,1744.25,0,0.0,1614019715.7000003
09:25:41 AM,1744.25,200,348850.0,1614368565.7000003
09:25:42 AM,1743.7,10,17437.0,1614386002.7000003
09:25:42 AM,1744.25,0,0.0,1614386002.7000003
09:25:43 AM,1744.25,6,10465.5,1614396468.2000003
09:25:43 AM,1743.65,0,0.0,1614396468.2000003
09:25:44 AM,1743.65,1324,2308592.6,1616705060.8000002
09:25:45 AM,1743.65,336,585866.4,1617290927.2000003
09:25:45 AM,1743.35,50,87167.5,1617378094.7000003
09:25:46 AM,1743.65,190,331293.5,1617709388.2000003
09:25:46 AM,1744.0,1,1744.0,1617711132.2000003
09:25:46 AM,1743.35,0,0.0,1617711132.2000003
09:25:46 AM,1743.8,0,0.0,1617711132.2000003
09:25:47 AM,1743.35,701,1222088.3499999999,1618933220.5500002
09:25:48 AM,1744.1,692,1206917.2,1620140137.7500002
09:25:49 AM,1743.85,53,92424.04999999999,1620232561.8000002
09:25:49 AM,1743.5,0,0.0,1620232561.8000002
09:25:50 AM,1743.5,570,993795.0,1621226356.8000002
09:25:51 AM,1743.6,0,0.0,1621226356.8000002
09:25:51 AM,1743.6,60,104616.0,1621330972.8000002
09:25:51 AM,1743.65,0,0.0,1621330972.8000002
09:25:52 AM,1743.65,50,87182.5,1621418155.3000002
09:25:52 AM,1744.1,0,0.0,1621418155.3000002
09:25:52 AM,1744.1,335,584273.5,1622002428.8000002
09:25:53 AM,1744.5,0,0.0,1622002428.8000002
09:25:53 AM,1744.5,6,10467.0,1622012895.8000002
09:25:53 AM,1743.8,0,0.0,1622012895.8000002
09:25:54 AM,1744.45,1453,2534685.85,1624547581.65
09:25:54 AM,1743.8,0,0.0,1624547581.65
09:25:54 AM,1743.8,130,226694.0,1624774275.65
09:25:55 AM,1743.8,127,221462.6,1624995738.25
09:25:55 AM,1743.85,0,0.0,1624995738.25
09:25:56 AM,1743.85,970,1691534.5,1626687272.75
09:25:57 AM,1743.85,26,45340.1,1626732612.85
09:25:58 AM,1743.85,63,109862.54999999999,1626842475.3999999
09:25:59 AM,1744.1,0,0.0,1626842475.3999999
09:25:59 AM,1744.1,170,296497.0,1627138972.3999999
09:26:00 AM,1744.2,0,0.0,1627138972.3999999
09:26:00 AM,1744.1,0,0.0,1627138972.3999999
09:26:01 AM,1744.1,598,1042971.7999999999,1628181944.1999998
09:26:02 AM,1744.1,212,369749.19999999995,1628551693.3999999
09:26:02 AM,1744.5,0,0.0,1628551693.3999999
09:26:02 AM,1744.1,0,0.0,1628551693.3999999
09:26:03 AM,1744.1,400,697640.0,1629249333.3999999
09:26:03 AM,1744.5,0,0.0,1629249333.3999999
09:26:04 AM,1744.75,419,731050.25,1629980383.6499999
09:26:04 AM,1744.1,0,0.0,1629980383.6499999
09:26:05 AM,1744.1,245,427304.5,1630407688.1499999
09:26:05 AM,1744.25,0,0.0,1630407688.1499999
09:26:06 AM,1744.25,1,1744.25,1630409432.3999999
09:26:06 AM,1744.25,283,493622.75,1630903055.1499999
09:26:07 AM,1744.25,7,12209.75,1630915264.8999999
09:26:07 AM,1744.5,0,0.0,1630915264.8999999
09:26:08 AM,1744.25,0,0.0,1630915264.8999999
09:26:08 AM,1744.25,1105,1927396.25,1632842661.1499999
09:26:08 AM,1744.45,7,12211.15,1632854872.3
09:26:09 AM,1744.6,0,0.0,1632854872.3
09:26:10 AM,1744.6,1,1744.6,1632856616.8999999
09:26:10 AM,1744.25,0,0.0,1632856616.8999999
09:26:10 AM,1744.25,3,5232.75,1632861849.6499999
09:26:11 AM,1744.25,12,20931.0,1632882780.6499999
09:26:11 AM,1744.25,2,3488.5,1632886269.1499999
09:26:12 AM,1744.25,198,345361.5,1633231630.6499999
09:26:12 AM,1744.6,0,0.0,1633231630.6499999
09:26:13 AM,1744.6,238,415214.8,1633646845.4499998
09:26:13 AM,1744.6,14,24424.399999999998,1633671269.85
09:26:13 AM,1744.25,0,0.0,1633671269.85
09:26:14 AM,1744.25,16,27908.0,1633699177.85
09:26:14 AM,1744.25,150,261637.5,1633960815.35
09:26:15 AM,1744.25,200,348850.0,1634309665.35
09:26:16 AM,1744.25,144,251172.0,1634560837.35
09:26:17 AM,1744.45,0,0.0,1634560837.35
09:26:17 AM,1744.6,0,0.0,1634560837.35
09:26:18 AM,1744.6,112,195395.19999999998,1634756232.55
09:26:18 AM,1744.45,3,5233.35,1634761465.8999999
09:26:19 AM,1744.45,20,34889.0,1634796354.8999999
09:26:19 AM,1744.45,550,959447.5,1635755802.3999999
09:26:19 AM,1744.5,0,0.0,1635755802.3999999
09:26:20 AM,1744.5,10,17445.0,1635773247.3999999
09:26:20 AM,1744.8,245,427476.0,1636200723.3999999
09:26:20 AM,1744.5,0,0.0,1636200723.3999999
09:26:21 AM,1744.5,119,207595.5,1636408318.8999999
09:26:21 AM,1744.65,132,230293.80000000002,1636638612.6999998
09:26:21 AM,1744.9,0,0.0,1636638612.6999998
09:26:22 AM,1744.9,50,87245.0,1636725857.6999998
09:26:22 AM,1744.5,4119,7185595.5,1643911453.1999998
09:26:22 AM,1744.45,0,0.0,1643911453.1999998
09:26:22 AM,1744.25,0,0.0,1643911453.1999998
09:26:23 AM,1744.55,3550,6193152.5,1650104605.6999998
09:26:23 AM,1744.5,35,61057.5,1650165663.1999998
09:26:23 AM,1744.55,0,0.0,1650165663.1999998
09:26:23 AM,1744.25,0,0.0,1650165663.1999998
09:26:24 AM,1744.25,379,661070.75,1650826733.9499998
09:26:24 AM,1744.6,37,64550.2,1650891284.1499999
09:26:24 AM,1744.25,0,0.0,1650891284.1499999
09:26:24 AM,1744.6,0,0.0,1650891284.1499999
09:26:25 AM,1744.6,885,1543971.0,1652435255.1499999
09:26:25 AM,1744.55,3,5233.65,1652440488.8
09:26:25 AM,1744.25,0,0.0,1652440488.8
09:26:26 AM,1744.25,2066,3603620.5,1656044109.3
09:26:26 AM,1744.1,0,0.0,1656044109.3
09:26:27 AM,1744.1,104,181386.4,1656225495.7
09:26:27 AM,1744.3,5,8721.5,1656234217.2
09:26:27 AM,1744.05,0,0.0,1656234217.2
09:26:28 AM,1744.05,105,183125.25,1656417342.45
09:26:29 AM,1744.25,29,50583.25,1656467925.7
09:26:30 AM,1744.05,0,0.0,1656467925.7
09:26:30 AM,1744.2,0,0.0,1656467925.7
09:26:31 AM,1744.2,174,303490.8,1656771416.5
09:26:31 AM,1744.25,17,29652.25,1656801068.75
09:26:32 AM,1744.2,10,17442.0,1656818510.75
09:26:32 AM,1744.55,405,706542.75,1657525053.5
09:26:32 AM,1744.05,0,0.0,1657525053.5
09:26:32 AM,1744.55,0,0.0,1657525053.5
09:26:33 AM,1744.55,110,191900.5,1657716954.0
09:26:33 AM,1744.75,1051,1833732.25,1659550686.25
09:26:33 AM,1744.05,0,0.0,1659550686.25
09:26:33 AM,1744.45,0,0.0,1659550686.25
09:26:34 AM,1744.25,521,908754.25,1660459440.5
09:26:35 AM,1744.4,163,284337.2,1660743777.7
09:26:36 AM,1744.25,199,347105.75,1661090883.45
09:26:37 AM,1744.25,5,8721.25,1661099604.7
09:26:37 AM,1744.6,180,314028.0,1661413632.7
09:26:38 AM,1744.3,10,17443.0,1661431075.7
09:26:40 AM,1744.75,460,802585.0,1662233660.7
09:26:40 AM,1744.3,0,0.0,1662233660.7
09:26:40 AM,1744.3,79,137799.69999999998,1662371460.4
09:26:40 AM,1744.4,0,0.0,1662371460.4
09:26:41 AM,1744.4,276,481454.4,1662852914.8000002
09:26:41 AM,1744.65,30,52339.5,1662905254.3000002
09:26:41 AM,1744.4,0,0.0,1662905254.3000002
09:26:42 AM,1744.4,20,34888.0,1662940142.3000002
09:26:42 AM,1744.4,234,408189.60000000003,1663348331.9
09:26:43 AM,1744.65,6,10467.900000000001,1663358799.8000002
09:26:44 AM,1744.65,57,99445.05,1663458244.8500001
09:26:44 AM,1744.6,0,0.0,1663458244.8500001
09:26:45 AM,1744.4,126,219794.40000000002,1663678039.2500002
09:26:45 AM,1744.65,72,125614.8,1663803654.0500002
09:26:46 AM,1744.4,193,336669.2,1664140323.2500002
09:26:46 AM,1744.65,0,0.0,1664140323.2500002
09:26:47 AM,1744.4,60,104664.0,1664244987.2500002
09:26:47 AM,1744.4,38,66287.2,1664311274.4500003
09:26:48 AM,1744.4,6,10466.400000000001,1664321740.8500004
09:26:48 AM,1744.5,41,71524.5,1664393265.3500004
09:26:49 AM,1744.5,36,62802.0,1664456067.3500004
09:26:49 AM,1744.4,0,0.0,1664456067.3500004
09:26:50 AM,1744.4,130,226772.0,1664682839.3500004
09:26:50 AM,1744.4,101,176184.40000000002,1664859023.7500005
09:26:51 AM,1744.4,102,177928.80000000002,1665036952.5500004
09:26:52 AM,1744.5,21,36634.5,1665073587.0500004
09:26:52 AM,1744.5,100,174450.0,1665248037.0500004
09:26:53 AM,1744.4,177,308758.8,1665556795.8500004
09:26:53 AM,1744.2,0,0.0,1665556795.8500004
09:26:54 AM,1744.2,2393,4173870.6,1669730666.4500003
09:26:54 AM,1744.15,0,0.0,1669730666.4500003
09:26:55 AM,1744.15,104,181391.6,1669912058.0500002
09:26:55 AM,1743.8,125,217975.0,1670130033.0500002
09:26:56 AM,1743.8,1,1743.8,1670131776.8500001
09:26:56 AM,1743.8,433,755065.4,1670886842.2500002
09:26:56 AM,1744.1,0,0.0,1670886842.2500002
09:26:57 AM,1743.8,188,327834.39999999997,1671214676.6500003
09:26:58 AM,1743.8,600,1046280.0,1672260956.6500003
09:26:59 AM,1743.8,328,571966.4,1672832923.0500004
09:27:00 AM,1743.8,1,1743.8,1672834666.8500004
09:27:00 AM,1744.0,22,38368.0,1672873034.8500004
09:27:01 AM,1744.5,0,0.0,1672873034.8500004
09:27:01 AM,1744.5,462,805959.0,1673678993.8500004
09:27:01 AM,1744.0,0,0.0,1673678993.8500004
09:27:02 AM,1744.0,1,1744.0,1673680737.8500004
09:27:02 AM,1744.0,305,531920.0,1674212657.8500004
09:27:03 AM,1744.6,100,174460.0,1674387117.8500004
09:27:03 AM,1744.0,0,0.0,1674387117.8500004
09:27:03 AM,1744.0,1,1744.0,1674388861.8500004
09:27:04 AM,1744.0,279,486576.0,1674875437.8500004
09:27:04 AM,1744.2,0,0.0,1674875437.8500004
09:27:05 AM,1744.35,48,83728.79999999999,1674959166.6500003
09:27:05 AM,1744.35,550,959392.5,1675918559.1500003
09:27:06 AM,1744.35,30,52330.5,1675970889.6500003
09:27:06 AM,1744.35,135,235487.25,1676206376.9000003
09:27:07 AM,1744.35,2,3488.7,1676209865.6000004
09:27:07 AM,1744.35,70,122104.5,1676331970.1000004
09:27:08 AM,1744.35,3,5233.049999999999,1676337203.1500003
09:27:09 AM,1744.35,2,3488.7,1676340691.8500004
09:27:09 AM,1744.4,0,0.0,1676340691.8500004
09:27:10 AM,1744.45,33,57566.85,1676398258.7000003
09:27:10 AM,1744.35,0,0.0,1676398258.7000003
09:27:10 AM,1744.35,1447,2524074.4499999997,1678922333.1500003
09:27:11 AM,1744.0,236,411584.0,1679333917.1500003
09:27:11 AM,1743.8,0,0.0,1679333917.1500003
09:27:12 AM,1744.1,0,0.0,1679333917.1500003
09:27:12 AM,1744.1,123,214524.3,1679548441.4500003
09:27:12 AM,1743.75,0,0.0,1679548441.4500003
09:27:13 AM,1744.1,70,122087.0,1679670528.4500003
09:27:13 AM,1743.75,23,40106.25,1679710634.7000003
09:27:14 AM,1744.0,425,741200.0,1680451834.7000003
09:27:15 AM,1744.0,2,3488.0,1680455322.7000003
09:27:16 AM,1744.55,0,0.0,1680455322.7000003
09:27:16 AM,1744.0,1205,2101520.0,1682556842.7000003
09:27:16 AM,1744.0,77,134288.0,1682691130.7000003
09:27:17 AM,1744.0,63,109872.0,1682801002.7000003
09:27:17 AM,1744.0,224,390656.0,1683191658.7000003
09:27:18 AM,1744.0,31,54064.0,1683245722.7000003
09:27:18 AM,1744.35,0,0.0,1683245722.7000003
09:27:19 AM,1744.35,5,8721.75,1683254444.4500003
09:27:19 AM,1744.35,54,94194.9,1683348639.3500004
09:27:20 AM,1744.0,0,0.0,1683348639.3500004
09:27:20 AM,1744.0,10,17440.0,1683366079.3500004
09:27:21 AM,1744.35,10,17443.5,1683383522.8500004
09:27:21 AM,1744.0,28,48832.0,1683432354.8500004
09:27:22 AM,1744.0,4,6976.0,1683439330.8500004
09:27:22 AM,1744.0,3,5232.0,1683444562.8500004
09:27:23 AM,1744.0,50,87200.0,1683531762.8500004
09:27:23 AM,1744.0,42,73248.0,1683605010.8500004
09:27:24 AM,1744.0,11488,20035072.0,1703640082.8500004
09:27:24 AM,1744.0,43,74992.0,1703715074.8500004
09:27:25 AM,1744.1,0,0.0,1703715074.8500004
09:27:25 AM,1744.0,87,151728.0,1703866802.8500004
09:27:25 AM,1744.0,1383,2411952.0,1706278754.8500004
09:27:26 AM,1743.5,824,1436644.0,1707715398.8500004
09:27:27 AM,1744.05,0,0.0,1707715398.8500004
09:27:27 AM,1744.05,7,12208.35,1707727607.2000003
09:27:27 AM,1744.05,1,1744.05,1707729351.2500002
09:27:28 AM,1744.05,1,1744.05,1707731095.3000002
09:27:29 AM,1743.6,3,5230.799999999999,1707736326.1000001
09:27:29 AM,1743.55,0,0.0,1707736326.1000001
09:27:29 AM,1743.55,436,760187.7999999999,1708496513.9
09:27:30 AM,1743.65,0,0.0,1708496513.9
09:27:30 AM,1743.65,1,1743.65,1708498257.5500002
09:27:30 AM,1743.65,128,223187.2,1708721444.7500002
09:27:30 AM,1744.45,0,0.0,1708721444.7500002
09:27:31 AM,1744.45,444,774535.8,1709495980.5500002
09:27:31 AM,1744.0,66,115104.0,1709611084.5500002
09:27:32 AM,1743.95,0,0.0,1709611084.5500002
09:27:32 AM,1743.95,20,34879.0,1709645963.5500002
09:27:33 AM,1744.45,0,0.0,1709645963.5500002
09:27:33 AM,1743.95,135,235433.25,1709881396.8000002
09:27:34 AM,1744.35,0,0.0,1709881396.8000002
09:27:35 AM,1744.35,65,113382.75,1709994779.5500002
09:27:35 AM,1744.5,0,0.0,1709994779.5500002
09:27:36 AM,1744.35,0,0.0,1709994779.5500002
09:27:36 AM,1744.35,1083,1889131.0499999998,1711883910.6000001
09:27:37 AM,1744.55,136,237258.8,1712121169.4
09:27:37 AM,1744.35,0,0.0,1712121169.4
09:27:38 AM,1744.35,141,245953.34999999998,1712367122.75
09:27:39 AM,1744.5,1165,2032342.5,1714399465.25
09:27:39 AM,1744.45,40,69778.0,1714469243.25
09:27:40 AM,1744.8,0,0.0,1714469243.25
09:27:40 AM,1744.9,63,109928.70000000001,1714579171.95
09:27:40 AM,1744.6,34,59316.399999999994,1714638488.3500001
09:27:41 AM,1744.6,1,1744.6,1714640232.95
09:27:41 AM,1744.6,1,1744.6,1714641977.55
09:27:42 AM,1744.6,6,10467.599999999999,1714652445.1499999
09:27:42 AM,1744.6,105,183183.0,1714835628.1499999
09:27:43 AM,1745.0,2111,3683695.0,1718519323.1499999
09:27:43 AM,1745.25,408,712062.0,1719231385.1499999
09:27:44 AM,1745.5,0,0.0,1719231385.1499999
09:27:44 AM,1746.15,181,316053.15,1719547438.3
09:27:44 AM,1746.1,2498,4361757.8,1723909196.1
09:27:45 AM,1745.95,0,0.0,1723909196.1
09:27:45 AM,1746.0,335,584910.0,1724494106.1
09:27:45 AM,1745.5,39,68074.5,1724562180.6
09:27:45 AM,1745.35,0,0.0,1724562180.6
09:27:46 AM,1744.9,4508,7866009.2,1732428189.8
09:27:47 AM,1744.75,0,0.0,1732428189.8
09:27:47 AM,1744.9,622,1085327.8,1733513517.6
09:27:48 AM,1744.5,0,0.0,1733513517.6
09:27:48 AM,1744.9,675,1177807.5,1734691325.1
09:27:48 AM,1744.45,9,15700.050000000001,1734707025.1499999
09:27:48 AM,1745.05,0,0.0,1734707025.1499999
09:27:49 AM,1744.45,0,0.0,1734707025.1499999
09:27:49 AM,1745.0,14,24430.0,1734731455.1499999
09:27:50 AM,1744.45,0,0.0,1734731455.1499999
09:27:50 AM,1745.1,307,535745.7,1735267200.85
09:27:50 AM,1744.45,578,1008292.1,1736275492.9499998
09:27:50 AM,1744.4,0,0.0,1736275492.9499998
09:27:51 AM,1744.4,212,369812.80000000005,1736645305.7499998
09:27:51 AM,1744.55,1,1744.55,1736647050.2999997
09:27:52 AM,1744.5,0,0.0,1736647050.2999997
09:27:52 AM,1745.05,72,125643.59999999999,1736772693.8999996
09:27:53 AM,1745.05,243,424047.14999999997,1737196741.0499997
09:27:54 AM,1744.55,248,432648.39999999997,1737629389.4499998
09:27:55 AM,1745.0,0,0.0,1737629389.4499998
09:27:55 AM,1745.0,16,27920.0,1737657309.4499998
09:27:56 AM,1744.5,11,19189.5,1737676498.9499998
09:27:57 AM,1745.0,0,0.0,1737676498.9499998
09:27:57 AM,1745.0,654,1141230.0,1738817728.9499998
09:27:58 AM,1744.5,0,0.0,1738817728.9499998
09:27:59 AM,1744.5,250,436125.0,1739253853.9499998
09:28:00 AM,1744.5,2,3489.0,1739257342.9499998
09:28:00 AM,1744.5,990,1727055.0,1740984397.9499998
09:28:01 AM,1744.85,0,0.0,1740984397.9499998
09:28:01 AM,1744.85,100,174485.0,1741158882.9499998
09:28:02 AM,1744.5,500,872250.0,1742031132.9499998
09:28:02 AM,1744.5,186,324477.0,1742355609.9499998
09:28:03 AM,1744.5,1,1744.5,1742357354.4499998
09:28:04 AM,1744.5,73,127348.5,1742484702.9499998
09:28:04 AM,1745.05,523,912661.15,1743397364.1
09:28:05 AM,1744.95,0,0.0,1743397364.1
09:28:05 AM,1744.95,200,348990.0,1743746354.1
09:28:06 AM,1744.75,45,78513.75,1743824867.85
09:28:06 AM,1744.75,1,1744.75,1743826612.6
09:28:07 AM,1744.75,224,390824.0,1744217436.6
09:28:07 AM,1744.75,50,87237.5,1744304674.1
09:28:08 AM,1744.9,134,233816.6,1744538490.6999998
09:28:09 AM,1744.75,220,383845.0,1744922335.6999998
09:28:09 AM,1744.75,2,3489.5,1744925825.1999998
09:28:10 AM,1744.75,28,48853.0,1744974678.1999998
09:28:10 AM,1744.9,0,0.0,1744974678.1999998
09:28:10 AM,1744.9,27,47112.3,1745021790.4999998
09:28:11 AM,1745.2,155,270506.0,1745292296.4999998
09:28:12 AM,1744.9,0,0.0,1745292296.4999998
09:28:12 AM,1744.9,25,43622.5,1745335918.9999998
09:28:12 AM,1745.4,1229,2145096.6,1747481015.5999997
09:28:13 AM,1745.45,0,0.0,1747481015.5999997
09:28:13 AM,1745.45,29,50618.05,1747531633.6499996
09:28:13 AM,1745.5,11,19200.5,1747550834.1499996
09:28:14 AM,1745.9,0,0.0,1747550834.1499996
09:28:14 AM,1745.9,25,43647.5,1747594481.6499996
09:28:14 AM,1745.5,48,83784.0,1747678265.6499996
09:28:15 AM,1745.9,0,0.0,1747678265.6499996
09:28:15 AM,1745.9,14,24442.600000000002,1747702708.2499995
09:28:15 AM,1745.5,231,403210.5,1748105918.7499995
09:28:15 AM,1745.85,0,0.0,1748105918.7499995
09:28:16 AM,1745.85,30,52375.5,1748158294.2499995
09:28:16 AM,1745.5,14,24437.0,1748182731.2499995
09:28:17 AM,1745.85,0,0.0,1748182731.2499995
09:28:17 AM,1745.85,50,87292.5,1748270023.7499995
09:28:17 AM,1745.5,17,29673.5,1748299697.2499995
09:28:18 AM,1745.5,16,27928.0,1748327625.2499995
09:28:18 AM,1745.9,466,813589.4,1749141214.6499996
09:28:18 AM,1746.0,0,0.0,1749141214.6499996
09:28:19 AM,1745.9,0,0.0,1749141214.6499996
09:28:19 AM,1745.9,2,3491.8,1749144706.4499996
09:28:19 AM,1745.9,42,73327.8,1749218034.2499995
09:28:20 AM,1745.9,135,235696.5,1749453730.7499995
09:28:21 AM,1745.9,15,26188.5,1749479919.2499995
09:28:21 AM,1746.5,2892,5050878.0,1754530797.2499995
09:28:21 AM,1745.9,0,0.0,1754530797.2499995
09:28:22 AM,1745.9,7,12221.300000000001,1754543018.5499995
09:28:22 AM,1746.2,93,162396.6,1754705415.1499994
09:28:23 AM,1746.2,602,1051212.4000000001,1755756627.5499995
09:28:24 AM,1746.35,161,281162.35,1756037789.8999994
09:28:24 AM,1746.5,0,0.0,1756037789.8999994
09:28:25 AM,1746.7,0,0.0,1756037789.8999994
09:28:25 AM,1746.7,153,267245.10000000003,1756305034.9999993
09:28:25 AM,1746.35,46,80332.09999999999,1756385367.0999992
09:28:26 AM,1746.4,0,0.0,1756385367.0999992
09:28:26 AM,1746.4,34,59377.600000000006,1756444744.699999
09:28:26 AM,1746.4,193,337055.2,1756781799.8999991
09:28:26 AM,1746.55,0,0.0,1756781799.8999991
09:28:27 AM,1746.55,7,12225.85,1756794025.749999
09:28:28 AM,1746.7,0,0.0,1756794025.749999
09:28:28 AM,1746.7,10,17467.0,1756811492.749999
09:28:29 AM,1746.9,0,0.0,1756811492.749999
09:28:29 AM,1746.9,854,1491852.6,1758303345.349999
09:28:29 AM,1747.1,25,43677.5,1758347022.849999
09:28:29 AM,1747.25,0,0.0,1758347022.849999
09:28:30 AM,1747.1,0,0.0,1758347022.849999
09:28:30 AM,1747.1,7,12229.699999999999,1758359252.549999
09:28:30 AM,1747.15,210,366901.5,1758726154.049999
09:28:30 AM,1747.35,0,0.0,1758726154.049999
09:28:31 AM,1747.4,0,0.0,1758726154.049999
09:28:31 AM,1747.4,51,89117.40000000001,1758815271.449999
09:28:31 AM,1747.55,135,235919.25,1759051190.699999
09:28:31 AM,1747.7,0,0.0,1759051190.699999
09:28:32 AM,1747.35,0,0.0,1759051190.699999
09:28:32 AM,1747.35,1309,2287281.15,1761338471.8499992
09:28:32 AM,1747.15,5423,9474794.450000001,1770813266.2999992
09:28:33 AM,1747.25,0,0.0,1770813266.2999992
09:28:33 AM,1747.25,54,94351.5,1770907617.7999992
09:28:33 AM,1746.95,143,249813.85,1771157431.6499991
09:28:34 AM,1746.95,464,810584.8,1771968016.449999
09:28:34 AM,1746.85,0,0.0,1771968016.449999
09:28:35 AM,1746.85,1,1746.85,1771969763.299999
09:28:35 AM,1746.85,1981,3460509.8499999996,1775430273.149999
09:28:36 AM,1746.95,0,0.0,1775430273.149999
09:28:36 AM,1746.95,10,17469.5,1775447742.649999
09:28:36 AM,1746.85,182,317926.7,1775765669.349999
09:28:36 AM,1747.15,0,0.0,1775765669.349999
09:28:37 AM,1747.0,0,0.0,1775765669.349999
09:28:37 AM,1747.0,48,83856.0,1775849525.349999
09:28:37 AM,1747.0,336,586992.0,1776436517.349999
09:28:38 AM,1746.9,125,218362.5,1776654879.849999
09:28:39 AM,1747.0,0,0.0,1776654879.849999
09:28:39 AM,1747.0,1,1747.0,1776656626.849999
09:28:39 AM,1746.9,75,131017.5,1776787644.349999
09:28:40 AM,1746.9,41,71622.90000000001,1776859267.249999
09:28:40 AM,1747.0,237,414039.0,1777273306.249999
09:28:41 AM,1747.0,14,24458.0,1777297764.249999
09:28:41 AM,1747.35,2487,4345659.45,1781643423.699999
09:28:42 AM,1747.35,131,228902.84999999998,1781872326.549999
09:28:43 AM,1747.5,0,0.0,1781872326.549999
09:28:43 AM,1747.5,2,3495.0,1781875821.549999
09:28:43 AM,1747.2,1307,2283590.4,1784159411.949999
09:28:44 AM,1746.1,0,0.0,1784159411.949999
09:28:44 AM,1746.1,5003,8735738.299999999,1792895150.249999
09:28:44 AM,1746.5,8,13972.0,1792909122.249999
09:28:45 AM,1746.9,0,0.0,1792909122.249999
09:28:45 AM,1746.9,20,34938.0,1792944060.249999
09:28:45 AM,1746.9,1,1746.9,1792945807.1499991
09:28:46 AM,1746.9,5,8734.5,1792954541.6499991
09:28:46 AM,1746.5,2288,3995992.0,1796950533.6499991
09:28:47 AM,1746.65,103,179904.95,1797130438.5999992
09:28:47 AM,1746.5,1852,3234518.0,1800364956.5999992
09:28:47 AM,1745.9,0,0.0,1800364956.5999992
09:28:48 AM,1745.8,0,0.0,1800364956.5999992
09:28:48 AM,1745.8,91,158867.8,1800523824.3999991
09:28:48 AM,1746.4,2,3492.8,1800527317.199999
09:28:49 AM,1746.45,0,0.0,1800527317.199999
09:28:49 AM,1746.45,153,267206.85000000003,1800794524.049999
09:28:49 AM,1746.4,22,38420.8,1800832944.849999
09:28:50 AM,1746.5,7,12225.5,1800845170.349999
09:28:51 AM,1746.0,8,13968.0,1800859138.349999
09:28:52 AM,1746.4,0,0.0,1800859138.349999
09:28:53 AM,1746.4,128,223539.2,1801082677.549999
09:28:53 AM,1746.4,636,1110710.4000000001,1802193387.949999
09:28:54 AM,1746.4,44,76841.6,1802270229.549999
09:28:55 AM,1747.1,0,0.0,1802270229.549999
09:28:55 AM,1747.1,494,863067.3999999999,1803133296.949999
09:28:56 AM,1746.85,0,0.0,1803133296.949999
09:28:56 AM,1746.85,23,40177.549999999996,1803173474.499999
09:28:57 AM,1746.4,0,0.0,1803173474.499999
09:28:57 AM,1746.4,390,681096.0,1803854570.499999
09:28:57 AM,1747.05,56,97834.8,1803952405.299999
09:28:58 AM,1746.85,0,0.0,1803952405.299999
09:28:58 AM,1746.85,8,13974.8,1803966380.099999
09:28:59 AM,1746.45,0,0.0,1803966380.099999
09:28:59 AM,1746.45,20,34929.0,1804001309.099999
09:28:59 AM,1746.45,133,232277.85,1804233586.9499989
09:29:00 AM,1746.85,0,0.0,1804233586.9499989
09:29:00 AM,1746.85,5,8734.25,1804242321.1999989
09:29:00 AM,1746.45,13,22703.850000000002,1804265025.0499988
09:29:01 AM,1746.85,1,1746.85,1804266771.8999987
09:29:01 AM,1746.5,45,78592.5,1804345364.3999987
09:29:02 AM,1746.45,0,0.0,1804345364.3999987
09:29:02 AM,1746.45,25,43661.25,1804389025.6499987
09:29:02 AM,1746.85,1,1746.85,1804390772.4999986
09:29:02 AM,1746.45,0,0.0,1804390772.4999986
09:29:03 AM,1746.45,2,3492.9,1804394265.3999987
09:29:03 AM,1746.45,50,87322.5,1804481587.8999987
09:29:04 AM,1746.5,0,0.0,1804481587.8999987
09:29:04 AM,1746.5,6,10479.0,1804492066.8999987
09:29:04 AM,1746.85,3,5240.549999999999,1804497307.4499986
09:29:05 AM,1746.85,149,260280.65,1804757588.0999987
09:29:05 AM,1747.0,0,0.0,1804757588.0999987
09:29:06 AM,1747.15,546,953943.9,1805711531.9999988
09:29:06 AM,1746.7,2,3493.4,1805715025.399999
09:29:07 AM,1746.7,65,113535.5,1805828560.899999
09:29:07 AM,1746.7,195,340606.5,1806169167.399999
09:29:08 AM,1746.7,90,157203.0,1806326370.399999
09:29:09 AM,1746.7,70,122269.0,1806448639.399999
09:29:10 AM,1746.85,0,0.0,1806448639.399999
09:29:10 AM,1746.85,50,87342.5,1806535981.899999
09:29:10 AM,1746.7,33,57641.1,1806593622.9999988
09:29:12 AM,1746.7,49,85588.3,1806679211.2999988
09:29:12 AM,1746.7,23,40174.1,1806719385.3999987
09:29:12 AM,1746.8,0,0.0,1806719385.3999987
09:29:13 AM,1746.8,2,3493.6,1806722878.9999986
09:29:13 AM,1746.7,0,0.0,1806722878.9999986
09:29:14 AM,1746.7,64,111788.8,1806834667.7999985
09:29:14 AM,1746.7,30,52401.0,1806887068.7999985
09:29:15 AM,1746.7,11,19213.7,1806906282.4999986
09:29:16 AM,1746.7,115,200870.5,1807107152.9999986
09:29:16 AM,1746.8,5,8734.0,1807115886.9999986
09:29:16 AM,1746.7,0,0.0,1807115886.9999986
09:29:17 AM,1746.7,185,323139.5,1807439026.4999986
09:29:17 AM,1746.85,21,36683.85,1807475710.3499985
09:29:17 AM,1746.8,0,0.0,1807475710.3499985
09:29:18 AM,1746.8,4103,7167120.399999999,1814642830.7499986
09:29:18 AM,1746.7,100,174670.0,1814817500.7499986
09:29:19 AM,1746.8,0,0.0,1814817500.7499986
09:29:19 AM,1746.8,67,117035.59999999999,1814934536.3499985
09:29:19 AM,1746.7,0,0.0,1814934536.3499985
09:29:20 AM,1746.7,1314,2295163.8000000003,1817229700.1499984
09:29:21 AM,1746.7,10,17467.0,1817247167.1499984
09:29:21 AM,1746.8,1,1746.8,1817248913.9499984
09:29:22 AM,1746.7,40,69868.0,1817318781.9499984
09:29:22 AM,1746.5,1000,1746500.0,1819065281.9499984
09:29:23 AM,1746.5,16,27944.0,1819093225.9499984
09:29:23 AM,1746.5,85,148452.5,1819241678.4499984
09:29:24 AM,1746.85,0,0.0,1819241678.4499984
09:29:24 AM,1746.85,105,183419.25,1819425097.6999984
09:29:24 AM,1746.7,1,1746.7,1819426844.3999984
09:29:25 AM,1746.85,0,0.0,1819426844.3999984
09:29:25 AM,1746.85,403,703980.5499999999,1820130824.9499984
09:29:26 AM,1746.7,0,0.0,1820130824.9499984
09:29:27 AM,1746.7,156,272485.2,1820403310.1499984
09:29:27 AM,1746.7,30,52401.0,1820455711.1499984
09:29:28 AM,1746.85,293,511827.05,1820967538.1999984
09:29:28 AM,1746.8,0,0.0,1820967538.1999984
09:29:29 AM,1746.65,1007,1758876.55,1822726414.7499983
09:29:30 AM,1746.65,360,628794.0,1823355208.7499983
09:29:30 AM,1746.65,78,136238.7,1823491447.4499984
09:29:31 AM,1746.7,0,0.0,1823491447.4499984
09:29:31 AM,1746.7,320,558944.0,1824050391.4499984
09:29:31 AM,1746.7,929,1622684.3,1825673075.7499983
09:29:31 AM,1747.05,0,0.0,1825673075.7499983
09:29:32 AM,1746.7,0,0.0,1825673075.7499983
09:29:32 AM,1746.7,332,579904.4,1826252980.1499984
09:29:32 AM,1746.6,0,0.0,1826252980.1499984
09:29:33 AM,1746.65,0,0.0,1826252980.1499984
09:29:33 AM,1746.95,104,181682.80000000002,1826434662.9499984
09:29:33 AM,1746.7,1100,1921370.0,1828356032.9499984
09:29:33 AM,1747.05,0,0.0,1828356032.9499984
09:29:34 AM,1747.1,225,393097.5,1828749130.4499984
09:29:34 AM,1746.8,0,0.0,1828749130.4499984
09:29:35 AM,1746.65,0,0.0,1828749130.4499984
09:29:35 AM,1746.65,478,834898.7000000001,1829584029.1499984
09:29:36 AM,1746.65,185,323130.25,1829907159.3999984
09:29:36 AM,1746.7,20,34934.0,1829942093.3999984
09:29:36 AM,1747.05,0,0.0,1829942093.3999984
09:29:37 AM,1746.65,0,0.0,1829942093.3999984
09:29:37 AM,1747.05,435,759966.75,1830702060.1499984
09:29:37 AM,1747.25,0,0.0,1830702060.1499984
09:29:38 AM,1746.85,0,0.0,1830702060.1499984
09:29:38 AM,1747.2,163,284793.60000000003,1830986853.7499983
09:29:38 AM,1747.45,0,0.0,1830986853.7499983
09:29:39 AM,1747.1,0,0.0,1830986853.7499983
09:29:39 AM,1747.15,357,623732.55,1831610586.2999983
09:29:40 AM,1747.2,0,0.0,1831610586.2999983
09:29:40 AM,1747.2,21,36691.200000000004,1831647277.4999983
09:29:41 AM,1747.2,88,153753.6,1831801031.0999982
09:29:41 AM,1747.2,3,5241.6,1831806272.6999981
09:29:41 AM,1747.5,0,0.0,1831806272.6999981
09:29:42 AM,1747.5,109,190477.5,1831996750.1999981
09:29:42 AM,1747.25,0,0.0,1831996750.1999981
09:29:43 AM,1747.75,86,150306.5,1832147056.6999981
09:29:43 AM,1747.25,1,1747.25,1832148803.9499981
09:29:44 AM,1747.25,16,27956.0,1832176759.9499981
09:29:44 AM,1747.7,1,1747.7,1832178507.6499982
09:29:45 AM,1747.25,0,0.0,1832178507.6499982
09:29:45 AM,1747.25,205,358186.25,1832536693.8999982
09:29:45 AM,1747.7,5,8738.5,1832545432.3999982
09:29:45 AM,1747.25,0,0.0,1832545432.3999982
09:29:46 AM,1747.25,2,3494.5,1832548926.8999982
09:29:47 AM,1747.25,81,141527.25,1832690454.1499982
09:29:48 AM,1747.5,51,89122.5,1832779576.6499982
09:29:48 AM,1747.25,12,20967.0,1832800543.6499982
09:29:48 AM,1747.5,0,0.0,1832800543.6499982
09:29:49 AM,1747.25,0,0.0,1832800543.6499982
09:29:49 AM,1747.25,31,54164.75,1832854708.3999982
09:29:49 AM,1747.5,35,61162.5,1832915870.8999982
09:29:49 AM,1747.65,0,0.0,1832915870.8999982
09:29:50 AM,1747.65,17,29710.050000000003,1832945580.9499981
09:29:50 AM,1747.25,65,113571.25,1833059152.1999981
09:29:51 AM,1747.25,615,1074558.75,1834133710.9499981
09:29:51 AM,1747.3,3,5241.9,1834138952.8499982
09:29:51 AM,1747.25,0,0.0,1834138952.8499982
09:29:52 AM,1747.3,616,1076336.8,1835215289.6499982
09:29:53 AM,1747.25,0,0.0,1835215289.6499982
09:29:53 AM,1747.25,436,761801.0,1835977090.6499982
09:29:53 AM,1747.25,5,8736.25,1835985826.8999982
09:29:54 AM,1747.25,100,174725.0,1836160551.8999982
09:29:55 AM,1747.5,0,0.0,1836160551.8999982
09:29:55 AM,1747.25,87,152010.75,1836312562.6499982
09:29:55 AM,1747.5,5,8737.5,1836321300.1499982
09:29:56 AM,1747.25,0,0.0,1836321300.1499982
09:29:56 AM,1747.25,98,171230.5,1836492530.6499982
09:29:56 AM,1747.7,130,227201.0,1836719731.6499982
09:29:56 AM,1747.25,0,0.0,1836719731.6499982
09:29:57 AM,1747.3,0,0.0,1836719731.6499982
09:29:57 AM,1747.5,78,136305.0,1836856036.6499982
09:29:57 AM,1747.5,7,12232.5,1836868269.1499982
09:29:58 AM,1747.25,0,0.0,1836868269.1499982
09:29:58 AM,1747.25,15,26208.75,1836894477.8999982
09:29:58 AM,1747.3,1,1747.3,1836896225.1999981
09:29:58 AM,1747.7,0,0.0,1836896225.1999981
09:29:59 AM,1747.3,0,0.0,1836896225.1999981
09:29:59 AM,1747.7,143,249921.1,1837146146.299998
09:29:59 AM,1747.7,2,3495.4,1837149641.6999981
09:30:00 AM,1748.2,6994,12226910.8,1849376552.499998
09:30:00 AM,1747.7,701,1225137.7,1850601690.1999981
09:30:01 AM,1748.45,0,0.0,1850601690.1999981
09:30:01 AM,1748.05,559,977159.95,1851578850.1499982
09:30:01 AM,1748.55,9,15736.949999999999,1851594587.0999982
09:30:02 AM,1748.7,0,0.0,1851594587.0999982
09:30:02 AM,1748.3,34,59442.2,1851654029.2999983
09:30:02 AM,1748.85,0,0.0,1851654029.2999983
09:30:03 AM,1748.85,17,29730.449999999997,1851683759.7499983
09:30:04 AM,1748.55,1639,2865873.4499999997,1854549633.1999984
09:30:04 AM,1748.85,3,5246.549999999999,1854554879.7499983
09:30:05 AM,1748.6,0,0.0,1854554879.7499983
09:30:05 AM,1748.6,798,1395382.7999999998,1855950262.5499983
09:30:05 AM,1749.0,1,1749.0,1855952011.5499983
09:30:05 AM,1748.85,0,0.0,1855952011.5499983
09:30:06 AM,1748.85,761,1330874.8499999999,1857282886.3999982
09:30:06 AM,1749.0,3,5247.0,1857288133.3999982
09:30:07 AM,1749.0,9,15741.0,1857303874.3999982
09:30:07 AM,1749.0,6,10494.0,1857314368.3999982
09:30:08 AM,1749.0,356,622644.0,1857937012.3999982
09:30:08 AM,1749.0,325,568425.0,1858505437.3999982
09:30:08 AM,1749.1,0,0.0,1858505437.3999982
09:30:09 AM,1749.1,864,1511222.4,1860016659.7999983
09:30:09 AM,1748.9,10,17489.0,1860034148.7999983
09:30:10 AM,1749.1,0,0.0,1860034148.7999983
09:30:10 AM,1749.1,1,1749.1,1860035897.8999982
09:30:11 AM,1749.1,539,942764.8999999999,1860978662.7999983
09:30:11 AM,1749.05,0,0.0,1860978662.7999983
09:30:11 AM,1749.25,1776,3106668.0,1864085330.7999983
09:30:12 AM,1749.05,69,120684.45,1864206015.2499983
09:30:13 AM,1749.15,0,0.0,1864206015.2499983
09:30:13 AM,1748.9,3453,6038951.7,1870244966.9499984
09:30:13 AM,1748.9,265,463458.5,1870708425.4499984
09:30:14 AM,1749.1,119,208142.9,1870916568.3499985
09:30:14 AM,1749.25,0,0.0,1870916568.3499985
09:30:14 AM,1749.25,75,131193.75,1871047762.0999985
09:30:15 AM,1748.9,0,0.0,1871047762.0999985
09:30:15 AM,1748.9,644,1126291.6,1872174053.6999984
09:30:15 AM,1749.25,0,0.0,1872174053.6999984
09:30:15 AM,1749.25,5,8746.25,1872182799.9499984
09:30:16 AM,1749.3,438,766193.4,1872948993.3499985
09:30:17 AM,1749.05,89,155665.44999999998,1873104658.7999985
09:30:18 AM,1749.1,105,183655.5,1873288314.2999985
09:30:18 AM,1749.05,0,0.0,1873288314.2999985
09:30:18 AM,1749.05,25,43726.25,1873332040.5499985
09:30:19 AM,1749.15,0,0.0,1873332040.5499985
09:30:19 AM,1749.1,566,989990.6,1874322031.1499984
09:30:20 AM,1749.4,0,0.0,1874322031.1499984
09:30:20 AM,1749.3,1647,2881097.1,1877203128.2499983
09:30:20 AM,1749.3,142,248400.6,1877451528.8499982
09:30:21 AM,1749.6,259,453146.39999999997,1877904675.2499983
09:30:21 AM,1749.1,0,0.0,1877904675.2499983
09:30:21 AM,1749.1,173,302594.3,1878207269.5499983
09:30:22 AM,1749.05,215,376045.75,1878583315.2999983
09:30:22 AM,1749.3,0,0.0,1878583315.2999983
09:30:22 AM,1749.3,162,283386.6,1878866701.8999982
09:30:23 AM,1749.05,0,0.0,1878866701.8999982
09:30:23 AM,1749.3,6,10495.8,1878877197.6999981
09:30:23 AM,1749.3,2,3498.6,1878880696.299998
09:30:24 AM,1749.3,208,363854.39999999997,1879244550.6999981
09:30:24 AM,1749.15,2,3498.3,1879248048.999998
09:30:25 AM,1749.3,0,0.0,1879248048.999998
09:30:25 AM,1749.1,28,48974.799999999996,1879297023.799998
