date,price,qty,trnvr,cum_trnvr
09:15:01 AM,2502.15,16493,41267959.95,41267959.95
09:15:02 AM,2505.2,0,0.0,41267959.95
09:15:03 AM,2506.85,0,0.0,41267959.95
09:15:05 AM,2509.0,0,0.0,41267959.95
09:15:07 AM,2510.0,9487,23812370.0,65080329.95
09:15:07 AM,2507.65,0,0.0,65080329.95
09:15:07 AM,2509.3,0,0.0,65080329.95
09:15:09 AM,2504.05,0,0.0,65080329.95
09:15:09 AM,2506.55,0,0.0,65080329.95
09:15:10 AM,2502.15,0,0.0,65080329.95
09:15:11 AM,2501.35,5995,14995593.25,80075923.2
09:15:12 AM,2500.85,0,0.0,80075923.2
09:15:14 AM,2502.45,0,0.0,80075923.2
09:15:14 AM,2503.0,0,0.0,80075923.2
09:15:15 AM,2504.45,5842,14630996.899999999,94706920.1
09:15:17 AM,2507.1,0,0.0,94706920.1
09:15:17 AM,2505.2,0,0.0,94706920.1
09:15:18 AM,2508.15,0,0.0,94706920.1
09:15:19 AM,2510.1,0,0.0,94706920.1
09:15:19 AM,2511.0,2395,6013845.0,100720765.1
09:15:20 AM,2512.1,0,0.0,100720765.1
09:15:21 AM,2512.0,0,0.0,100720765.1
09:15:22 AM,2512.15,0,0.0,100720765.1
09:15:22 AM,2512.3,1298,3260965.4000000004,103981730.5
09:15:23 AM,2510.5,0,0.0,103981730.5
09:15:24 AM,2512.25,0,0.0,103981730.5
09:15:25 AM,2510.4,0,0.0,103981730.5
09:15:26 AM,2510.4,1413,3547195.2,107528925.7
09:15:26 AM,2509.0,0,0.0,107528925.7
09:15:27 AM,2510.4,0,0.0,107528925.7
09:15:28 AM,2508.5,0,0.0,107528925.7
09:15:29 AM,2510.35,0,0.0,107528925.7
09:15:29 AM,2510.35,1074,2696115.9,110225041.60000001
09:15:29 AM,2508.75,0,0.0,110225041.60000001
09:15:30 AM,2511.95,0,0.0,110225041.60000001
09:15:30 AM,2512.15,0,0.0,110225041.60000001
09:15:31 AM,2513.8,0,0.0,110225041.60000001
09:15:32 AM,2511.8,2401,6030831.800000001,116255873.4
09:15:33 AM,2511.9,0,0.0,116255873.4
09:15:34 AM,2514.0,0,0.0,116255873.4
09:15:34 AM,2513.65,0,0.0,116255873.4
09:15:35 AM,2512.15,491,1233465.6500000001,117489339.05000001
09:15:36 AM,2513.75,0,0.0,117489339.05000001
09:15:37 AM,2513.7,0,0.0,117489339.05000001
09:15:37 AM,2513.75,0,0.0,117489339.05000001
09:15:38 AM,2512.2,555,1394271.0,118883610.05000001
09:15:39 AM,2513.95,0,0.0,118883610.05000001
09:15:40 AM,2513.65,0,0.0,118883610.05000001
09:15:40 AM,2512.35,0,0.0,118883610.05000001
09:15:41 AM,2512.35,640,1607904.0,120491514.05000001
09:15:42 AM,2513.6,0,0.0,120491514.05000001
09:15:44 AM,2513.4,0,0.0,120491514.05000001
09:15:44 AM,2512.0,1660,4169920.0,124661434.05000001
09:15:45 AM,2512.3,0,0.0,124661434.05000001
09:15:46 AM,2514.95,0,0.0,124661434.05000001
09:15:47 AM,2515.0,1476,3712140.0,128373574.05000001
09:15:48 AM,2514.95,0,0.0,128373574.05000001
09:15:49 AM,2513.7,0,0.0,128373574.05000001
09:15:50 AM,2515.0,0,0.0,128373574.05000001
09:15:51 AM,2513.7,1195,3003871.5,131377445.55000001
09:15:52 AM,2512.8,0,0.0,131377445.55000001
09:15:53 AM,2514.75,0,0.0,131377445.55000001
09:15:53 AM,2514.75,1342,3374794.5,134752240.05
09:15:54 AM,2513.5,0,0.0,134752240.05
09:15:55 AM,2514.25,0,0.0,134752240.05
09:15:55 AM,2514.3,0,0.0,134752240.05
09:15:56 AM,2514.25,734,1845459.5,136597699.55
09:15:57 AM,2512.7,0,0.0,136597699.55
09:15:58 AM,2512.5,0,0.0,136597699.55
09:15:59 AM,2512.2,2185,5489157.0,142086856.55
09:15:59 AM,2510.45,0,0.0,142086856.55
09:15:59 AM,2512.4,0,0.0,142086856.55
09:16:01 AM,2512.5,0,0.0,142086856.55
09:16:02 AM,2512.3,1017,2555009.1,144641865.65
09:16:02 AM,2510.0,0,0.0,144641865.65
09:16:04 AM,2509.9,0,0.0,144641865.65
09:16:04 AM,2510.0,0,0.0,144641865.65
09:16:05 AM,2508.85,3533,8863767.049999999,153505632.70000002
09:16:05 AM,2507.1,0,0.0,153505632.70000002
09:16:06 AM,2508.95,0,0.0,153505632.70000002
09:16:07 AM,2508.5,0,0.0,153505632.70000002
09:16:08 AM,2508.5,1157,2902334.5,156407967.20000002
09:16:09 AM,2507.0,0,0.0,156407967.20000002
09:16:10 AM,2506.65,0,0.0,156407967.20000002
09:16:11 AM,2506.75,0,0.0,156407967.20000002
09:16:11 AM,2506.75,2098,5259161.5,161667128.70000002
09:16:11 AM,2506.85,24,60164.399999999994,161727293.10000002
09:16:11 AM,2505.05,0,0.0,161727293.10000002
09:16:11 AM,2506.6,0,0.0,161727293.10000002
09:16:12 AM,2506.55,128,320838.4,162048131.50000003
09:16:12 AM,2506.6,20,50132.0,162098263.50000003
09:16:12 AM,2505.2,0,0.0,162098263.50000003
09:16:12 AM,2505.05,0,0.0,162098263.50000003
09:16:13 AM,2505.3,201,503565.30000000005,162601828.80000004
09:16:13 AM,2506.6,54,135356.4,162737185.20000005
09:16:14 AM,2507.95,2,5015.9,162742201.10000005
09:16:14 AM,2507.95,8,20063.6,162762264.70000005
09:16:14 AM,2508.4,0,0.0,162762264.70000005
09:16:15 AM,2508.55,512,1284377.6,164046642.30000004
09:16:15 AM,2506.85,12,30082.199999999997,164076724.50000003
09:16:15 AM,2506.9,0,0.0,164076724.50000003
09:16:15 AM,2508.55,0,0.0,164076724.50000003
09:16:16 AM,2508.55,163,408893.65,164485618.15000004
09:16:16 AM,2507.0,27,67689.0,164553307.15000004
09:16:16 AM,2508.55,0,0.0,164553307.15000004
09:16:17 AM,2508.4,139,348667.60000000003,164901974.75000003
09:16:17 AM,2508.5,3,7525.5,164909500.25000003
09:16:17 AM,2509.3,0,0.0,164909500.25000003
09:16:17 AM,2508.6,0,0.0,164909500.25000003
09:16:18 AM,2509.85,176,441733.6,165351233.85000002
09:16:18 AM,2508.65,32,80276.8,165431510.65000004
09:16:19 AM,2509.8,19,47686.200000000004,165479196.85000002
09:16:19 AM,2509.95,0,0.0,165479196.85000002
09:16:19 AM,2508.5,0,0.0,165479196.85000002
09:16:20 AM,2508.5,118,296003.0,165775199.85000002
09:16:20 AM,2508.65,37,92820.05,165868019.90000004
09:16:20 AM,2508.2,0,0.0,165868019.90000004
09:16:21 AM,2509.65,250,627412.5,166495432.40000004
09:16:21 AM,2507.55,0,0.0,166495432.40000004
09:16:21 AM,2509.3,0,0.0,166495432.40000004
09:16:22 AM,2509.4,71,178167.4,166673599.80000004
09:16:22 AM,2509.3,3,7527.900000000001,166681127.70000005
09:16:22 AM,2507.85,0,0.0,166681127.70000005
09:16:22 AM,2507.7,0,0.0,166681127.70000005
09:16:23 AM,2508.8,857,2150041.6,168831169.30000004
09:16:23 AM,2507.7,0,0.0,168831169.30000004
09:16:24 AM,2508.75,73,183138.75,169014308.05000004
09:16:24 AM,2507.7,0,0.0,169014308.05000004
09:16:25 AM,2508.75,77,193173.75,169207481.80000004
09:16:25 AM,2510.0,1267,3180170.0,172387651.80000004
09:16:25 AM,2508.95,0,0.0,172387651.80000004
09:16:25 AM,2510.5,0,0.0,172387651.80000004
09:16:26 AM,2510.5,405,1016752.5,173404404.30000004
09:16:26 AM,2509.0,110,275990.0,173680394.30000004
09:16:26 AM,2510.95,0,0.0,173680394.30000004
09:16:27 AM,2509.3,454,1139222.2000000002,174819616.50000003
09:16:27 AM,2509.3,57,143030.1,174962646.60000002
09:16:27 AM,2510.6,0,0.0,174962646.60000002
09:16:27 AM,2510.0,0,0.0,174962646.60000002
09:16:28 AM,2510.0,34,85340.0,175047986.60000002
09:16:28 AM,2510.0,182,456820.0,175504806.60000002
09:16:29 AM,2510.95,230,577518.5,176082325.10000002
09:16:29 AM,2510.95,93,233518.34999999998,176315843.45000002
09:16:29 AM,2510.05,0,0.0,176315843.45000002
09:16:30 AM,2511.75,181,454626.75,176770470.20000002
09:16:30 AM,2511.8,57,143172.6,176913642.8
09:16:30 AM,2510.3,0,0.0,176913642.8
09:16:31 AM,2510.3,124,311277.2,177224920.0
09:16:31 AM,2510.35,1,2510.35,177227430.35
09:16:32 AM,2511.55,143,359151.65,177586582.0
09:16:32 AM,2513.15,1011,2540794.65,180127376.65
09:16:33 AM,2513.85,39,98040.15,180225416.8
09:16:33 AM,2511.95,0,0.0,180225416.8
09:16:34 AM,2511.8,215,540037.0,180765453.8
09:16:34 AM,2512.95,124,311605.8,181077059.60000002
09:16:34 AM,2513.35,0,0.0,181077059.60000002
09:16:35 AM,2514.95,544,1368132.7999999998,182445192.40000004
09:16:35 AM,2515.0,27,67905.0,182513097.40000004
09:16:36 AM,2513.5,291,731428.5,183244525.90000004
09:16:36 AM,2517.35,0,0.0,183244525.90000004
09:16:36 AM,2515.45,0,0.0,183244525.90000004
09:16:37 AM,2515.0,1913,4811195.0,188055720.90000004
09:16:37 AM,2516.65,286,719761.9,188775482.80000004
09:16:37 AM,2515.1,0,0.0,188775482.80000004
09:16:38 AM,2516.65,184,463063.60000000003,189238546.40000004
09:16:38 AM,2516.7,122,307037.39999999997,189545583.80000004
09:16:38 AM,2516.55,0,0.0,189545583.80000004
09:16:38 AM,2515.05,0,0.0,189545583.80000004
09:16:39 AM,2515.05,518,1302795.9000000001,190848379.70000005
09:16:39 AM,2516.85,214,538605.9,191386985.60000005
09:16:40 AM,2515.15,28,70424.2,191457409.80000004
09:16:40 AM,2516.35,34,85555.9,191542965.70000005
09:16:40 AM,2515.2,0,0.0,191542965.70000005
09:16:41 AM,2516.25,134,337177.5,191880143.20000005
09:16:41 AM,2515.0,104,261560.0,192141703.20000005
09:16:41 AM,2516.2,0,0.0,192141703.20000005
09:16:41 AM,2514.85,0,0.0,192141703.20000005
09:16:42 AM,2516.2,157,395043.39999999997,192536746.60000005
09:16:42 AM,2515.15,0,0.0,192536746.60000005
09:16:43 AM,2517.65,530,1334354.5,193871101.10000005
09:16:43 AM,2516.25,154,387502.5,194258603.60000005
09:16:43 AM,2518.0,0,0.0,194258603.60000005
09:16:44 AM,2518.0,148,372664.0,194631267.60000005
09:16:44 AM,2516.65,226,568762.9,195200030.50000006
09:16:44 AM,2517.5,0,0.0,195200030.50000006
09:16:44 AM,2516.4,0,0.0,195200030.50000006
09:16:45 AM,2515.85,354,890610.9,196090641.40000007
09:16:45 AM,2514.85,236,593504.6,196684146.00000006
09:16:45 AM,2516.55,0,0.0,196684146.00000006
09:16:45 AM,2515.25,0,0.0,196684146.00000006
09:16:46 AM,2515.25,491,1234987.75,197919133.75000006
09:16:46 AM,2515.95,100,251594.99999999997,198170728.75000006
09:16:46 AM,2516.05,0,0.0,198170728.75000006
09:16:46 AM,2515.0,0,0.0,198170728.75000006
09:16:47 AM,2515.05,286,719304.3,198890033.05000007
09:16:47 AM,2515.05,96,241444.80000000002,199131477.85000008
09:16:47 AM,2514.2,0,0.0,199131477.85000008
09:16:48 AM,2514.2,439,1103733.7999999998,200235211.6500001
09:16:48 AM,2514.45,323,812167.35,201047379.0000001
09:16:48 AM,2513.45,0,0.0,201047379.0000001
09:16:48 AM,2514.4,0,0.0,201047379.0000001
09:16:49 AM,2514.4,117,294184.8,201341563.8000001
09:16:49 AM,2513.5,72,180972.0,201522535.8000001
09:16:49 AM,2514.05,0,0.0,201522535.8000001
09:16:49 AM,2513.5,0,0.0,201522535.8000001
09:16:50 AM,2513.5,81,203593.5,201726129.3000001
09:16:50 AM,2513.5,58,145783.0,201871912.3000001
09:16:50 AM,2512.7,0,0.0,201871912.3000001
09:16:51 AM,2512.7,163,409570.1,202281482.4000001
09:16:51 AM,2513.5,0,0.0,202281482.4000001
09:16:52 AM,2513.5,1,2513.5,202283995.9000001
09:16:52 AM,2512.7,18,45228.6,202329224.5000001
09:16:53 AM,2513.5,93,233755.5,202562980.0000001
09:16:53 AM,2513.5,104,261404.0,202824384.0000001
09:16:54 AM,2513.5,106,266431.0,203090815.0000001
09:16:55 AM,2512.75,63,158303.25,203249118.2500001
09:16:55 AM,2513.5,23,57810.5,203306928.7500001
09:16:55 AM,2513.45,0,0.0,203306928.7500001
09:16:56 AM,2513.45,23,57809.35,203364738.10000008
09:16:56 AM,2513.45,21,52782.45,203417520.55000007
09:16:57 AM,2514.05,347,872375.3500000001,204289895.90000007
09:16:57 AM,2515.0,0,0.0,204289895.90000007
09:16:57 AM,2514.45,0,0.0,204289895.90000007
09:16:58 AM,2514.45,216,543121.2,204833017.10000005
09:16:58 AM,2515.15,0,0.0,204833017.10000005
09:16:58 AM,2514.0,0,0.0,204833017.10000005
09:16:59 AM,2515.0,120,301800.0,205134817.10000005
09:16:59 AM,2514.0,25,62850.0,205197667.10000005
09:16:59 AM,2514.75,0,0.0,205197667.10000005
09:17:00 AM,2514.9,121,304302.9,205501970.00000006
09:17:00 AM,2514.6,0,0.0,205501970.00000006
09:17:01 AM,2513.15,57,143249.55000000002,205645219.55000007
09:17:01 AM,2514.0,23,57822.0,205703041.55000007
09:17:01 AM,2512.85,0,0.0,205703041.55000007
09:17:01 AM,2512.8,0,0.0,205703041.55000007
09:17:02 AM,2512.8,139,349279.2,206052320.75000006
09:17:02 AM,2513.45,0,0.0,206052320.75000006
09:17:03 AM,2512.8,10,25128.0,206077448.75000006
09:17:03 AM,2512.75,0,0.0,206077448.75000006
09:17:03 AM,2513.4,0,0.0,206077448.75000006
09:17:04 AM,2513.4,214,537867.6,206615316.35000005
09:17:04 AM,2512.75,24,60306.0,206675622.35000005
09:17:04 AM,2512.85,0,0.0,206675622.35000005
09:17:05 AM,2512.8,33,82922.40000000001,206758544.75000006
09:17:05 AM,2512.85,30,75385.5,206833930.25000006
09:17:05 AM,2512.8,0,0.0,206833930.25000006
09:17:06 AM,2512.75,96,241224.0,207075154.25000006
09:17:06 AM,2512.8,51,128152.8,207203307.05000007
09:17:07 AM,2512.8,1,2512.8,207205819.85000008
09:17:07 AM,2512.15,0,0.0,207205819.85000008
09:17:08 AM,2512.8,426,1070452.8,208276272.6500001
09:17:08 AM,2514.0,152,382128.0,208658400.6500001
09:17:09 AM,2512.75,42,105535.5,208763936.1500001
09:17:09 AM,2513.45,53,133212.84999999998,208897149.0000001
09:17:10 AM,2514.0,55,138270.0,209035419.0000001
09:17:10 AM,2512.9,0,0.0,209035419.0000001
09:17:11 AM,2512.9,18,45232.200000000004,209080651.20000008
09:17:11 AM,2512.8,0,0.0,209080651.20000008
09:17:12 AM,2513.9,33,82958.7,209163609.90000007
09:17:13 AM,2512.8,122,306561.60000000003,209470171.50000006
09:17:13 AM,2513.85,0,0.0,209470171.50000006
09:17:14 AM,2513.85,6,15083.099999999999,209485254.60000005
09:17:14 AM,2513.85,50,125692.5,209610947.10000005
09:17:14 AM,2512.9,0,0.0,209610947.10000005
09:17:15 AM,2512.9,51,128157.90000000001,209739105.00000006
09:17:15 AM,2513.85,78,196080.3,209935185.30000007
09:17:15 AM,2513.5,0,0.0,209935185.30000007
09:17:15 AM,2513.85,0,0.0,209935185.30000007
09:17:16 AM,2514.0,347,872358.0,210807543.30000007
09:17:16 AM,2514.95,338,850053.1,211657596.40000007
09:17:16 AM,2514.45,0,0.0,211657596.40000007
09:17:17 AM,2513.75,36,90495.0,211748091.40000007
09:17:17 AM,2513.55,131,329275.05000000005,212077366.45000008
09:17:17 AM,2514.85,0,0.0,212077366.45000008
09:17:18 AM,2514.75,201,505464.75,212582831.20000008
09:17:18 AM,2513.55,0,0.0,212582831.20000008
09:17:18 AM,2514.75,0,0.0,212582831.20000008
09:17:19 AM,2513.55,188,472547.4,213055378.60000008
09:17:19 AM,2514.8,93,233876.40000000002,213289255.0000001
09:17:20 AM,2515.0,1000,2515000.0,215804255.0000001
09:17:20 AM,2513.6,133,334308.8,216138563.8000001
09:17:20 AM,2513.55,0,0.0,216138563.8000001
09:17:21 AM,2513.55,424,1065745.2000000002,217204309.0000001
09:17:21 AM,2513.55,176,442384.80000000005,217646693.8000001
09:17:22 AM,2513.55,60,150813.0,217797506.8000001
09:17:22 AM,2513.35,88,221174.8,218018681.6000001
09:17:22 AM,2512.1,0,0.0,218018681.6000001
09:17:23 AM,2513.5,410,1030535.0,219049216.6000001
09:17:23 AM,2512.15,241,605428.15,219654644.75000012
09:17:23 AM,2513.45,0,0.0,219654644.75000012
09:17:24 AM,2512.05,95,238644.75000000003,219893289.50000012
09:17:24 AM,2513.1,58,145759.8,220039049.30000013
09:17:24 AM,2513.05,0,0.0,220039049.30000013
09:17:25 AM,2511.8,185,464683.00000000006,220503732.30000013
09:17:25 AM,2513.1,100,251310.0,220755042.30000013
09:17:25 AM,2513.05,0,0.0,220755042.30000013
09:17:26 AM,2512.8,295,741276.0,221496318.30000013
09:17:26 AM,2512.7,62,155787.4,221652105.70000014
09:17:26 AM,2511.55,0,0.0,221652105.70000014
09:17:26 AM,2512.6,0,0.0,221652105.70000014
09:17:27 AM,2513.05,173,434757.65,222086863.35000014
09:17:27 AM,2512.75,17,42716.75,222129580.10000014
09:17:27 AM,2512.0,0,0.0,222129580.10000014
09:17:28 AM,2512.2,79,198463.8,222328043.90000015
09:17:28 AM,2510.45,299,750624.5499999999,223078668.45000017
09:17:29 AM,2512.3,64,160787.2,223239455.65000015
09:17:29 AM,2512.2,31,77878.2,223317333.85000014
09:17:29 AM,2511.9,0,0.0,223317333.85000014
09:17:30 AM,2511.9,61,153225.9,223470559.75000015
09:17:30 AM,2512.5,159,399487.5,223870047.25000015
09:17:30 AM,2511.45,0,0.0,223870047.25000015
09:17:30 AM,2512.45,0,0.0,223870047.25000015
09:17:31 AM,2511.95,34,85406.29999999999,223955453.55000016
09:17:31 AM,2512.15,1,2512.15,223957965.70000017
09:17:31 AM,2511.0,0,0.0,223957965.70000017
09:17:32 AM,2512.15,15,37682.25,223995647.95000017
09:17:32 AM,2511.05,0,0.0,223995647.95000017
09:17:33 AM,2511.05,12,30132.600000000002,224025780.55000016
09:17:33 AM,2512.2,145,364269.0,224390049.55000016
09:17:33 AM,2511.0,0,0.0,224390049.55000016
09:17:34 AM,2511.0,4,10044.0,224400093.55000016
09:17:34 AM,2511.0,31,77841.0,224477934.55000016
09:17:34 AM,2511.65,0,0.0,224477934.55000016
09:17:35 AM,2513.45,520,1306994.0,225784928.55000016
09:17:35 AM,2512.05,89,223572.45,226008501.00000015
09:17:35 AM,2512.0,0,0.0,226008501.00000015
09:17:35 AM,2512.15,0,0.0,226008501.00000015
09:17:36 AM,2511.75,123,308945.25,226317446.25000015
09:17:36 AM,2511.75,39,97958.25,226415404.50000015
09:17:36 AM,2512.75,0,0.0,226415404.50000015
09:17:36 AM,2512.4,0,0.0,226415404.50000015
09:17:37 AM,2512.75,67,168354.25,226583758.75000015
09:17:38 AM,2512.2,1,2512.2,226586270.95000014
09:17:38 AM,2511.85,105,263744.25,226850015.20000014
09:17:38 AM,2512.75,0,0.0,226850015.20000014
09:17:39 AM,2512.75,18,45229.5,226895244.70000014
09:17:39 AM,2512.75,3,7538.25,226902782.95000014
09:17:40 AM,2512.75,42,105535.5,227008318.45000014
09:17:40 AM,2512.7,0,0.0,227008318.45000014
09:17:40 AM,2512.9,0,0.0,227008318.45000014
09:17:41 AM,2512.9,232,582992.8,227591311.25000015
09:17:41 AM,2513.05,204,512662.2,228103973.45000014
09:17:41 AM,2513.35,0,0.0,228103973.45000014
09:17:42 AM,2513.35,46,115614.09999999999,228219587.55000013
09:17:42 AM,2514.7,21,52808.7,228272396.25000012
09:17:42 AM,2515.0,0,0.0,228272396.25000012
09:17:43 AM,2514.1,203,510362.3,228782758.55000013
09:17:43 AM,2514.0,31,77934.0,228860692.55000013
09:17:43 AM,2516.05,0,0.0,228860692.55000013
09:17:44 AM,2515.0,329,827435.0,229688127.55000013
09:17:44 AM,2515.95,117,294366.14999999997,229982493.70000014
09:17:44 AM,2515.55,0,0.0,229982493.70000014
09:17:45 AM,2516.05,227,571143.3500000001,230553637.05000013
09:17:45 AM,2514.8,79,198669.2,230752306.25000012
09:17:45 AM,2514.75,0,0.0,230752306.25000012
09:17:45 AM,2516.05,0,0.0,230752306.25000012
09:17:46 AM,2516.05,85,213864.25000000003,230966170.50000012
09:17:46 AM,2516.05,1,2516.05,230968686.55000013
09:17:46 AM,2516.1,0,0.0,230968686.55000013
09:17:47 AM,2514.9,195,490405.5,231459092.05000013
09:17:47 AM,2516.2,331,832862.2,232291954.25000012
09:17:47 AM,2516.25,0,0.0,232291954.25000012
09:17:48 AM,2516.25,147,369888.75,232661843.00000012
09:17:48 AM,2515.0,0,0.0,232661843.00000012
09:17:49 AM,2516.15,130,327099.5,232988942.50000012
09:17:49 AM,2516.05,0,0.0,232988942.50000012
09:17:49 AM,2515.05,0,0.0,232988942.50000012
09:17:50 AM,2516.15,20,50323.0,233039265.50000012
09:17:50 AM,2516.15,3,7548.450000000001,233046813.9500001
09:17:50 AM,2516.1,0,0.0,233046813.9500001
09:17:51 AM,2516.1,11,27677.1,233074491.0500001
09:17:51 AM,2516.4,150,377460.0,233451951.0500001
09:17:51 AM,2516.55,0,0.0,233451951.0500001
09:17:52 AM,2516.75,1698,4273441.5,237725392.5500001
09:17:52 AM,2516.0,25,62900.0,237788292.5500001
09:17:52 AM,2516.95,0,0.0,237788292.5500001
09:17:53 AM,2516.95,64,161084.8,237949377.3500001
09:17:53 AM,2516.85,104,261752.4,238211129.75000012
09:17:53 AM,2515.55,0,0.0,238211129.75000012
09:17:54 AM,2515.4,395,993583.0,239204712.75000012
09:17:54 AM,2515.4,2,5030.8,239209743.55000013
09:17:54 AM,2516.65,0,0.0,239209743.55000013
09:17:54 AM,2515.1,0,0.0,239209743.55000013
09:17:55 AM,2516.45,296,744869.2,239954612.75000012
09:17:55 AM,2515.4,130,327002.0,240281614.75000012
09:17:55 AM,2515.35,0,0.0,240281614.75000012
09:17:55 AM,2515.1,0,0.0,240281614.75000012
09:17:56 AM,2515.4,195,490503.0,240772117.75000012
09:17:56 AM,2516.35,0,0.0,240772117.75000012
09:17:56 AM,2516.2,0,0.0,240772117.75000012
09:17:57 AM,2516.2,121,304460.19999999995,241076577.9500001
09:17:57 AM,2515.4,131,329517.4,241406095.3500001
09:17:57 AM,2515.0,0,0.0,241406095.3500001
09:17:57 AM,2514.95,0,0.0,241406095.3500001
09:17:58 AM,2516.2,151,379946.19999999995,241786041.5500001
09:17:58 AM,2515.4,0,0.0,241786041.5500001
09:17:59 AM,2515.4,97,243993.80000000002,242030035.3500001
09:17:59 AM,2516.2,0,0.0,242030035.3500001
09:18:00 AM,2516.2,50,125809.99999999999,242155845.3500001
09:18:00 AM,2516.4,203,510829.2,242666674.5500001
09:18:00 AM,2515.95,0,0.0,242666674.5500001
09:18:00 AM,2516.0,0,0.0,242666674.5500001
09:18:01 AM,2515.45,134,337070.3,243003744.8500001
09:18:01 AM,2515.45,27,67917.15,243071662.00000012
09:18:01 AM,2516.35,0,0.0,243071662.00000012
09:18:02 AM,2516.35,44,110719.4,243182381.40000013
09:18:03 AM,2516.95,398,1001746.1,244184127.50000012
09:18:03 AM,2516.15,63,158517.45,244342644.9500001
09:18:03 AM,2516.0,0,0.0,244342644.9500001
09:18:03 AM,2516.35,0,0.0,244342644.9500001
09:18:04 AM,2517.5,326,820705.0,245163349.9500001
09:18:04 AM,2517.85,0,0.0,245163349.9500001
09:18:05 AM,2517.85,26,65464.1,245228814.0500001
09:18:05 AM,2516.5,0,0.0,245228814.0500001
09:18:06 AM,2516.2,32,80518.4,245309332.4500001
09:18:06 AM,2516.1,11,27677.1,245337009.5500001
09:18:06 AM,2516.05,0,0.0,245337009.5500001
09:18:07 AM,2516.4,74,186213.6,245523223.1500001
09:18:07 AM,2517.4,3,7552.200000000001,245530775.35000008
09:18:08 AM,2517.4,21,52865.4,245583640.7500001
09:18:09 AM,2517.0,123,309591.0,245893231.7500001
09:18:09 AM,2517.4,2,5034.8,245898266.5500001
09:18:10 AM,2517.05,6,15102.300000000001,245913368.8500001
09:18:10 AM,2517.4,30,75522.0,245988890.8500001
09:18:10 AM,2517.05,0,0.0,245988890.8500001
09:18:11 AM,2517.05,86,216466.30000000002,246205357.15000013
09:18:11 AM,2517.0,159,400203.0,246605560.15000013
09:18:11 AM,2517.4,0,0.0,246605560.15000013
09:18:12 AM,2517.4,181,455649.4,247061209.55000013
09:18:13 AM,2517.05,7,17619.350000000002,247078828.90000013
09:18:13 AM,2517.05,41,103199.05,247182027.95000014
09:18:13 AM,2517.4,0,0.0,247182027.95000014
09:18:14 AM,2517.4,10,25174.0,247207201.95000014
09:18:15 AM,2517.4,4,10069.6,247217271.55000013
09:18:15 AM,2517.05,0,0.0,247217271.55000013
09:18:16 AM,2517.05,45,113267.25000000001,247330538.80000013
09:18:16 AM,2517.35,1,2517.35,247333056.15000013
09:18:16 AM,2517.0,0,0.0,247333056.15000013
09:18:17 AM,2517.0,154,387618.0,247720674.15000013
09:18:17 AM,2517.35,2,5034.7,247725708.8500001
09:18:17 AM,2516.35,0,0.0,247725708.8500001
09:18:18 AM,2517.0,46,115782.0,247841490.8500001
09:18:18 AM,2517.0,123,309591.0,248151081.8500001
09:18:19 AM,2517.0,11,27687.0,248178768.8500001
09:18:19 AM,2516.05,0,0.0,248178768.8500001
09:18:19 AM,2516.05,801,2015356.05,250194124.90000013
09:18:19 AM,2516.95,0,0.0,250194124.90000013
09:18:20 AM,2516.95,3,7550.849999999999,250201675.75000012
09:18:20 AM,2516.35,0,0.0,250201675.75000012
09:18:20 AM,2516.35,88,221438.8,250423114.55000013
09:18:21 AM,2515.85,150,377377.5,250800492.05000013
09:18:21 AM,2516.1,0,0.0,250800492.05000013
09:18:21 AM,2516.1,123,309480.3,251109972.35000014
09:18:21 AM,2515.45,0,0.0,251109972.35000014
09:18:22 AM,2515.45,56,140865.19999999998,251250837.55000013
09:18:22 AM,2516.0,0,0.0,251250837.55000013
09:18:22 AM,2515.45,328,825067.6,252075905.15000013
09:18:23 AM,2515.45,247,621316.1499999999,252697221.30000013
09:18:24 AM,2515.8,1,2515.8,252699737.10000014
09:18:24 AM,2515.4,107,269147.8,252968884.90000015
09:18:25 AM,2515.4,5,12577.0,252981461.90000015
09:18:25 AM,2515.5,0,0.0,252981461.90000015
09:18:25 AM,2515.5,38,95589.0,253077050.90000015
09:18:25 AM,2515.45,0,0.0,253077050.90000015
09:18:26 AM,2514.1,56,140789.6,253217840.50000015
09:18:26 AM,2515.45,0,0.0,253217840.50000015
09:18:26 AM,2515.45,54,135834.3,253353674.80000016
09:18:27 AM,2514.35,47,118174.45,253471849.25000015
09:18:27 AM,2514.35,29,72916.15,253544765.40000015
09:18:28 AM,2515.05,248,623732.4,254168497.80000016
09:18:28 AM,2514.35,0,0.0,254168497.80000016
09:18:28 AM,2514.35,64,160918.4,254329416.20000017
09:18:29 AM,2515.05,30,75451.5,254404867.70000017
09:18:29 AM,2514.35,0,0.0,254404867.70000017
09:18:29 AM,2514.35,26,65373.1,254470240.80000016
09:18:30 AM,2514.35,39,98059.65,254568300.45000017
09:18:30 AM,2514.35,24,60344.399999999994,254628644.85000017
09:18:30 AM,2515.0,0,0.0,254628644.85000017
09:18:31 AM,2515.05,146,367197.30000000005,254995842.15000018
09:18:31 AM,2515.05,23,57846.15,255053688.3000002
09:18:32 AM,2515.0,34,85510.0,255139198.3000002
09:18:32 AM,2514.0,118,296652.0,255435850.3000002
09:18:33 AM,2515.05,0,0.0,255435850.3000002
09:18:33 AM,2514.05,432,1086069.6,256521919.90000018
09:18:34 AM,2514.05,29,72907.45000000001,256594827.35000017
09:18:34 AM,2515.05,12,30180.600000000002,256625007.95000017
09:18:35 AM,2515.45,0,0.0,256625007.95000017
09:18:35 AM,2515.45,2411,6064749.949999999,262689757.90000015
09:18:36 AM,2514.45,142,357051.89999999997,263046809.80000016
09:18:36 AM,2515.0,0,0.0,263046809.80000016
09:18:36 AM,2515.2,553,1390905.5999999999,264437715.40000015
09:18:37 AM,2515.7,593,1491810.0999999999,265929525.50000015
09:18:37 AM,2515.6,0,0.0,265929525.50000015
09:18:37 AM,2514.5,266,668857.0,266598382.50000015
09:18:38 AM,2515.65,219,550927.35,267149309.85000014
09:18:38 AM,2515.65,2,5031.3,267154341.15000015
09:18:39 AM,2516.3,1,2516.3,267156857.45000017
09:18:39 AM,2515.15,0,0.0,267156857.45000017
09:18:39 AM,2515.15,229,575969.35,267732826.80000016
09:18:40 AM,2515.15,10,25151.5,267757978.30000016
09:18:40 AM,2516.25,0,0.0,267757978.30000016
09:18:40 AM,2516.25,42,105682.5,267863660.80000016
09:18:41 AM,2515.15,0,0.0,267863660.80000016
09:18:41 AM,2515.15,115,289242.25,268152903.05000016
09:18:42 AM,2516.1,0,0.0,268152903.05000016
09:18:42 AM,2516.1,11,27677.1,268180580.15000015
09:18:43 AM,2515.15,115,289242.25,268469822.40000015
09:18:43 AM,2516.1,0,0.0,268469822.40000015
09:18:43 AM,2515.2,18,45273.6,268515096.0000002
09:18:44 AM,2515.15,43,108151.45,268623247.45000017
09:18:44 AM,2516.05,0,0.0,268623247.45000017
09:18:44 AM,2516.05,15,37740.75,268660988.20000017
09:18:45 AM,2516.05,14,35224.700000000004,268696212.90000015
09:18:45 AM,2515.15,0,0.0,268696212.90000015
09:18:45 AM,2516.05,113,284313.65,268980526.55000013
09:18:46 AM,2516.05,37,93093.85,269073620.40000015
09:18:46 AM,2515.15,20,50303.0,269123923.40000015
09:18:47 AM,2516.05,0,0.0,269123923.40000015
09:18:47 AM,2515.15,156,392363.4,269516286.80000013
09:18:48 AM,2515.2,2004,5040460.8,274556747.60000014
09:18:48 AM,2515.55,0,0.0,274556747.60000014
09:18:48 AM,2516.05,366,920874.3,275477621.90000015
09:18:49 AM,2515.85,47,118244.95,275595866.85000014
09:18:49 AM,2516.25,0,0.0,275595866.85000014
09:18:49 AM,2517.4,42,105730.8,275701597.65000015
09:18:50 AM,2516.4,12,30196.800000000003,275731794.45000017
09:18:50 AM,2517.0,0,0.0,275731794.45000017
09:18:50 AM,2516.95,258,649373.1,276381167.5500002
09:18:51 AM,2515.55,61,153448.55000000002,276534616.1000002
09:18:51 AM,2516.5,104,261716.0,276796332.1000002
09:18:52 AM,2516.25,34,85552.5,276881884.6000002
09:18:53 AM,2516.25,58,145942.5,277027827.1000002
09:18:54 AM,2515.35,4,10061.4,277037888.5000002
09:18:54 AM,2516.0,0,0.0,277037888.5000002
09:18:54 AM,2516.0,3,7548.0,277045436.5000002
09:18:55 AM,2516.0,81,203796.0,277249232.5000002
09:18:55 AM,2515.35,0,0.0,277249232.5000002
09:18:55 AM,2515.35,10,25153.5,277274386.0000002
09:18:56 AM,2515.55,308,774789.4,278049175.40000015
09:18:57 AM,2515.6,1404,3531902.4,281581077.80000013
09:18:57 AM,2516.0,188,473008.0,282054085.80000013
09:18:58 AM,2516.5,32,80528.0,282134613.80000013
09:18:59 AM,2516.5,24,60396.0,282195009.80000013
09:18:59 AM,2516.85,332,835594.2,283030604.0000001
09:18:59 AM,2515.6,0,0.0,283030604.0000001
09:19:00 AM,2516.85,32,80539.2,283111143.2000001
09:19:00 AM,2517.0,279,702243.0,283813386.2000001
09:19:00 AM,2516.95,0,0.0,283813386.2000001
09:19:01 AM,2516.95,100,251694.99999999997,284065081.2000001
09:19:02 AM,2516.95,47,118296.65,284183377.8500001
09:19:02 AM,2516.95,37,93127.15,284276505.00000006
09:19:03 AM,2516.0,52,130832.0,284407337.00000006
09:19:03 AM,2516.0,56,140896.0,284548233.00000006
09:19:04 AM,2516.0,42,105672.0,284653905.00000006
09:19:04 AM,2516.95,0,0.0,284653905.00000006
09:19:05 AM,2516.95,155,390127.25,285044032.25000006
09:19:05 AM,2516.85,0,0.0,285044032.25000006
09:19:06 AM,2516.85,44,110741.4,285154773.65000004
09:19:06 AM,2516.85,10,25168.5,285179942.15000004
09:19:07 AM,2516.85,5,12584.25,285192526.40000004
09:19:07 AM,2516.5,0,0.0,285192526.40000004
09:19:08 AM,2516.95,117,294483.14999999997,285487009.55
09:19:08 AM,2516.95,4,10067.8,285497077.35
09:19:08 AM,2516.5,0,0.0,285497077.35
09:19:08 AM,2516.85,0,0.0,285497077.35
09:19:09 AM,2516.85,82,206381.69999999998,285703459.05
09:19:09 AM,2516.85,10,25168.5,285728627.55
09:19:09 AM,2516.5,0,0.0,285728627.55
09:19:10 AM,2516.95,34,85576.29999999999,285814203.85
09:19:10 AM,2516.0,0,0.0,285814203.85
09:19:10 AM,2516.0,102,256632.0,286070835.85
09:19:10 AM,2516.9,0,0.0,286070835.85
09:19:11 AM,2516.95,45,113262.74999999999,286184098.6
09:19:11 AM,2516.0,6,15096.0,286199194.6
09:19:11 AM,2516.95,0,0.0,286199194.6
09:19:12 AM,2516.85,16,40269.6,286239464.20000005
09:19:12 AM,2514.15,0,0.0,286239464.20000005
09:19:12 AM,2514.15,389,978004.3500000001,287217468.5500001
09:19:12 AM,2515.0,0,0.0,287217468.5500001
09:19:13 AM,2514.25,109,274053.25,287491521.8000001
09:19:13 AM,2514.3,0,0.0,287491521.8000001
09:19:13 AM,2514.3,28,70400.40000000001,287561922.20000005
09:19:13 AM,2515.7,0,0.0,287561922.20000005
09:19:14 AM,2515.6,341,857819.6,288419741.8000001
09:19:14 AM,2515.6,30,75468.0,288495209.8000001
09:19:14 AM,2514.35,0,0.0,288495209.8000001
09:19:15 AM,2515.7,109,274211.3,288769421.1000001
09:19:15 AM,2515.65,0,0.0,288769421.1000001
09:19:15 AM,2515.75,53,133334.75,288902755.8500001
09:19:15 AM,2515.7,0,0.0,288902755.8500001
09:19:16 AM,2514.35,78,196119.3,289098875.1500001
09:19:16 AM,2515.0,0,0.0,289098875.1500001
09:19:17 AM,2514.4,489,1229541.6,290328416.7500001
09:19:18 AM,2514.4,110,276584.0,290605000.7500001
09:19:18 AM,2515.6,0,0.0,290605000.7500001
09:19:19 AM,2515.6,69,173576.4,290778577.1500001
09:19:20 AM,2514.45,11,27658.949999999997,290806236.1000001
09:19:20 AM,2515.0,0,0.0,290806236.1000001
09:19:20 AM,2515.0,102,256530.0,291062766.1000001
09:19:21 AM,2515.0,16,40240.0,291103006.1000001
09:19:21 AM,2515.55,0,0.0,291103006.1000001
09:19:22 AM,2514.45,154,387225.3,291490231.4000001
09:19:22 AM,2515.0,0,0.0,291490231.4000001
09:19:23 AM,2514.4,49,123205.6,291613437.0000001
09:19:24 AM,2515.0,70,176050.0,291789487.0000001
09:19:25 AM,2514.4,34,85489.6,291874976.60000014
09:19:25 AM,2515.35,0,0.0,291874976.60000014
09:19:25 AM,2515.35,88,221350.8,292096327.40000015
09:19:25 AM,2515.3,0,0.0,292096327.40000015
09:19:26 AM,2515.3,12,30183.600000000002,292126511.0000002
09:19:26 AM,2514.4,0,0.0,292126511.0000002
09:19:27 AM,2514.0,112,281568.0,292408079.0000002
09:19:27 AM,2513.35,0,0.0,292408079.0000002
09:19:28 AM,2513.4,120,301608.0,292709687.0000002
09:19:28 AM,2514.35,5,12571.75,292722258.7500002
09:19:29 AM,2513.4,158,397117.2,293119375.95000017
09:19:30 AM,2514.4,65,163436.0,293282811.95000017
09:19:31 AM,2513.0,332,834316.0,294117127.95000017
09:19:31 AM,2513.0,100,251300.0,294368427.95000017
09:19:32 AM,2514.25,62,155883.5,294524311.45000017
09:19:32 AM,2513.0,0,0.0,294524311.45000017
09:19:33 AM,2513.05,90,226174.50000000003,294750485.95000017
09:19:33 AM,2514.25,0,0.0,294750485.95000017
09:19:34 AM,2513.0,33,82929.0,294833414.95000017
09:19:35 AM,2512.45,851,2138094.9499999997,296971509.90000015
09:19:35 AM,2512.4,0,0.0,296971509.90000015
09:19:35 AM,2512.4,48,120595.20000000001,297092105.10000014
09:19:35 AM,2512.1,0,0.0,297092105.10000014
09:19:36 AM,2512.25,251,630574.75,297722679.85000014
09:19:37 AM,2513.0,362,909706.0,298632385.85000014
09:19:37 AM,2513.6,0,0.0,298632385.85000014
09:19:38 AM,2513.55,58,145785.90000000002,298778171.7500001
09:19:39 AM,2513.05,22,55287.100000000006,298833458.85000014
09:19:39 AM,2513.55,0,0.0,298833458.85000014
09:19:40 AM,2512.95,0,0.0,298833458.85000014
09:19:40 AM,2512.95,206,517667.69999999995,299351126.55000013
09:19:40 AM,2512.95,4,10051.8,299361178.35000014
09:19:41 AM,2513.55,0,0.0,299361178.35000014
09:19:41 AM,2513.55,103,258895.65000000002,299620074.0000001
09:19:41 AM,2512.75,100,251275.0,299871349.0000001
09:19:42 AM,2513.55,0,0.0,299871349.0000001
09:19:42 AM,2513.5,127,319214.5,300190563.5000001
09:19:42 AM,2513.55,30,75406.5,300265970.0000001
09:19:43 AM,2513.65,0,0.0,300265970.0000001
09:19:43 AM,2513.65,496,1246770.4000000001,301512740.4000001
09:19:43 AM,2515.0,50,125750.0,301638490.4000001
09:19:44 AM,2513.9,0,0.0,301638490.4000001
09:19:44 AM,2514.5,240,603480.0,302241970.4000001
09:19:45 AM,2514.8,0,0.0,302241970.4000001
09:19:45 AM,2514.8,37,93047.6,302335018.0000001
09:19:46 AM,2513.9,0,0.0,302335018.0000001
09:19:46 AM,2513.4,76,191018.4,302526036.4000001
09:19:46 AM,2514.5,4,10058.0,302536094.4000001
09:19:47 AM,2514.65,0,0.0,302536094.4000001
09:19:47 AM,2514.65,12,30175.800000000003,302566270.2000001
09:19:47 AM,2514.65,3,7543.950000000001,302573814.1500001
09:19:49 AM,2514.25,0,0.0,302573814.1500001
09:19:49 AM,2514.25,100,251425.0,302825239.1500001
09:19:49 AM,2513.95,3,7541.849999999999,302832781.0000001
09:19:50 AM,2516.0,0,0.0,302832781.0000001
09:19:50 AM,2516.0,654,1645464.0,304478245.0000001
09:19:51 AM,2515.1,0,0.0,304478245.0000001
09:19:51 AM,2515.1,115,289236.5,304767481.5000001
09:19:52 AM,2515.95,0,0.0,304767481.5000001
09:19:52 AM,2515.95,15,37739.25,304805220.7500001
09:19:53 AM,2515.95,2,5031.9,304810252.6500001
09:19:53 AM,2515.95,2,5031.9,304815284.5500001
09:19:54 AM,2515.95,3,7547.849999999999,304822832.4000001
09:19:55 AM,2516.7,0,0.0,304822832.4000001
09:19:55 AM,2516.7,198,498306.6,305321139.0000001
09:19:56 AM,2515.25,0,0.0,305321139.0000001
09:19:56 AM,2515.25,27,67911.75,305389050.7500001
09:19:57 AM,2516.65,0,0.0,305389050.7500001
09:19:57 AM,2516.65,155,390080.75,305779131.5000001
09:19:58 AM,2516.65,63,158548.95,305937680.4500001
09:20:00 AM,2516.05,0,0.0,305937680.4500001
09:20:00 AM,2516.2,0,0.0,305937680.4500001
09:20:00 AM,2516.2,146,367365.19999999995,306305045.6500001
09:20:01 AM,2515.95,0,0.0,306305045.6500001
09:20:01 AM,2515.95,12,30191.399999999998,306335237.0500001
09:20:01 AM,2515.25,34,85518.5,306420755.5500001
09:20:02 AM,2516.0,0,0.0,306420755.5500001
09:20:02 AM,2515.95,70,176116.5,306596872.0500001
09:20:02 AM,2515.95,1,2515.95,306599388.00000006
09:20:03 AM,2516.0,0,0.0,306599388.00000006
09:20:03 AM,2516.0,13,32708.0,306632096.00000006
09:20:04 AM,2515.1,0,0.0,306632096.00000006
09:20:04 AM,2515.95,149,374876.55,307006972.5500001
09:20:05 AM,2515.2,0,0.0,307006972.5500001
09:20:05 AM,2515.2,97,243974.4,307250946.95000005
09:20:05 AM,2515.15,0,0.0,307250946.95000005
09:20:06 AM,2514.95,0,0.0,307250946.95000005
09:20:06 AM,2514.95,172,432571.39999999997,307683518.35
09:20:06 AM,2515.9,11,27674.9,307711193.25
09:20:07 AM,2515.05,52,130782.6,307841975.85
09:20:08 AM,2515.1,0,0.0,307841975.85
09:20:08 AM,2515.1,92,231389.19999999998,308073365.05
09:20:09 AM,2515.9,0,0.0,308073365.05
09:20:09 AM,2515.9,28,70445.2,308143810.25
09:20:09 AM,2515.15,5,12575.75,308156386.0
09:20:10 AM,2515.9,0,0.0,308156386.0
09:20:10 AM,2514.7,251,631189.7,308787575.7
09:20:11 AM,2515.0,61,153415.0,308940990.7
09:20:11 AM,2514.7,0,0.0,308940990.7
09:20:11 AM,2515.0,205,515575.0,309456565.7
09:20:12 AM,2514.95,2,5029.9,309461595.59999996
09:20:12 AM,2515.3,2,5030.6,309466626.2
09:20:13 AM,2515.3,49,123249.70000000001,309589875.9
09:20:13 AM,2515.25,0,0.0,309589875.9
09:20:13 AM,2515.25,2,5030.5,309594906.4
09:20:14 AM,2515.25,215,540778.75,310135685.15
09:20:14 AM,2515.75,0,0.0,310135685.15
09:20:14 AM,2515.75,14,35220.5,310170905.65
09:20:15 AM,2516.15,352,885684.8,311056590.45
09:20:15 AM,2515.5,0,0.0,311056590.45
09:20:15 AM,2515.75,96,241512.0,311298102.45
09:20:16 AM,2515.45,0,0.0,311298102.45
09:20:16 AM,2515.45,56,140865.19999999998,311438967.65
09:20:17 AM,2515.45,50,125772.49999999999,311564740.15
09:20:17 AM,2516.2,29,72969.79999999999,311637709.95
09:20:18 AM,2515.45,79,198720.55,311836430.5
09:20:18 AM,2516.2,0,0.0,311836430.5
09:20:18 AM,2516.2,45,113228.99999999999,311949659.5
09:20:20 AM,2516.2,30,75486.0,312025145.5
09:20:20 AM,2515.45,0,0.0,312025145.5
09:20:20 AM,2515.45,12,30185.399999999998,312055330.9
09:20:21 AM,2515.55,0,0.0,312055330.9
09:20:21 AM,2515.55,1,2515.55,312057846.45
09:20:22 AM,2516.2,73,183682.59999999998,312241529.05
09:20:23 AM,2515.6,28,70436.8,312311965.85
09:20:23 AM,2516.15,0,0.0,312311965.85
09:20:23 AM,2516.15,46,115742.90000000001,312427708.75
09:20:24 AM,2516.15,5,12580.75,312440289.5
09:20:24 AM,2515.5,0,0.0,312440289.5
09:20:24 AM,2515.5,21,52825.5,312493115.0
09:20:24 AM,2516.15,0,0.0,312493115.0
09:20:25 AM,2516.15,2,5032.3,312498147.3
09:20:26 AM,2515.5,0,0.0,312498147.3
09:20:26 AM,2515.5,50,125775.0,312623922.3
09:20:26 AM,2515.6,0,0.0,312623922.3
09:20:26 AM,2515.6,1,2515.6,312626437.90000004
09:20:26 AM,2515.5,0,0.0,312626437.90000004
09:20:27 AM,2516.1,10,25161.0,312651598.90000004
09:20:27 AM,2516.1,32,80515.2,312732114.1
09:20:28 AM,2516.1,7,17612.7,312749726.8
09:20:28 AM,2515.45,0,0.0,312749726.8
09:20:28 AM,2515.45,59,148411.55,312898138.35
09:20:29 AM,2516.05,70,176123.5,313074261.85
09:20:29 AM,2515.15,0,0.0,313074261.85
09:20:29 AM,2516.1,326,820248.6,313894510.45000005
09:20:30 AM,2515.5,17,42763.5,313937273.95000005
09:20:30 AM,2515.75,0,0.0,313937273.95000005
09:20:30 AM,2515.8,133,334601.4,314271875.35
09:20:31 AM,2515.85,35,88054.75,314359930.1
09:20:31 AM,2515.3,60,150918.0,314510848.1
09:20:31 AM,2515.85,0,0.0,314510848.1
09:20:32 AM,2515.85,5,12579.25,314523427.35
09:20:33 AM,2515.45,17,42762.649999999994,314566190.0
09:20:33 AM,2515.85,50,125792.5,314691982.5
09:20:34 AM,2515.85,75,188688.75,314880671.25
09:20:34 AM,2515.4,0,0.0,314880671.25
09:20:35 AM,2515.85,53,133340.05,315014011.3
09:20:36 AM,2515.85,162,407567.7,315421579.0
09:20:36 AM,2515.8,0,0.0,315421579.0
09:20:36 AM,2517.15,0,0.0,315421579.0
09:20:37 AM,2517.45,1261,3174504.4499999997,318596083.45
09:20:37 AM,2517.7,0,0.0,318596083.45
09:20:38 AM,2518.5,849,2138206.5,320734289.95
09:20:38 AM,2518.5,48,120888.0,320855177.95
09:20:38 AM,2518.4,0,0.0,320855177.95
09:20:38 AM,2517.35,0,0.0,320855177.95
09:20:39 AM,2517.3,329,828191.7000000001,321683369.65
09:20:39 AM,2518.0,2,5036.0,321688405.65
09:20:39 AM,2517.3,0,0.0,321688405.65
09:20:40 AM,2518.95,375,944606.2499999999,322633011.9
09:20:40 AM,2517.95,0,0.0,322633011.9
09:20:41 AM,2517.9,160,402864.0,323035875.9
09:20:41 AM,2518.4,0,0.0,323035875.9
09:20:42 AM,2517.9,157,395310.3,323431186.2
09:20:43 AM,2517.85,150,377677.5,323808863.7
09:20:43 AM,2517.9,0,0.0,323808863.7
09:20:43 AM,2518.35,0,0.0,323808863.7
09:20:44 AM,2518.35,53,133472.55,323942336.25
09:20:44 AM,2517.85,41,103231.84999999999,324045568.1
09:20:44 AM,2518.2,0,0.0,324045568.1
09:20:44 AM,2517.75,0,0.0,324045568.1
09:20:45 AM,2517.75,191,480890.25,324526458.35
09:20:45 AM,2517.8,0,0.0,324526458.35
09:20:45 AM,2517.8,74,186317.2,324712775.55
09:20:46 AM,2518.35,67,168729.44999999998,324881505.0
09:20:46 AM,2518.4,0,0.0,324881505.0
09:20:46 AM,2518.4,25,62960.0,324944465.0
09:20:46 AM,2517.45,0,0.0,324944465.0
09:20:47 AM,2517.45,44,110767.79999999999,325055232.8
09:20:47 AM,2517.9,0,0.0,325055232.8
09:20:48 AM,2517.2,122,307098.39999999997,325362331.2
09:20:48 AM,2518.25,0,0.0,325362331.2
09:20:48 AM,2518.0,160,402880.0,325765211.2
09:20:48 AM,2517.85,0,0.0,325765211.2
09:20:49 AM,2518.3,340,856222.0000000001,326621433.2
09:20:49 AM,2518.45,0,0.0,326621433.2
09:20:49 AM,2518.45,50,125922.49999999999,326747355.7
09:20:49 AM,2518.95,0,0.0,326747355.7
09:20:50 AM,2517.25,391,984244.75,327731600.45
09:20:50 AM,2517.25,89,224035.25,327955635.7
09:20:51 AM,2517.25,15,37758.75,327993394.45
09:20:51 AM,2518.65,0,0.0,327993394.45
09:20:52 AM,2518.75,167,420631.25,328414025.7
09:20:52 AM,2517.25,0,0.0,328414025.7
09:20:52 AM,2517.25,43,108241.75,328522267.45
09:20:53 AM,2518.7,6,15112.199999999999,328537379.65
09:20:53 AM,2517.55,0,0.0,328537379.65
09:20:53 AM,2517.55,9,22657.95,328560037.59999996
09:20:54 AM,2517.85,2,5035.7,328565073.29999995
09:20:54 AM,2517.9,0,0.0,328565073.29999995
09:20:54 AM,2517.9,1,2517.9,328567591.1999999
09:20:55 AM,2517.9,103,259343.7,328826934.8999999
09:20:55 AM,2517.9,49,123377.1,328950311.99999994
09:20:56 AM,2517.55,76,191333.80000000002,329141645.79999995
09:20:57 AM,2517.55,16,40280.8,329181926.59999996
09:20:58 AM,2517.25,16,40276.0,329222202.59999996
09:20:58 AM,2517.55,0,0.0,329222202.59999996
09:20:58 AM,2517.55,23,57903.65,329280106.24999994
09:20:58 AM,2517.65,0,0.0,329280106.24999994
09:20:59 AM,2518.35,357,899050.95,330179157.1999999
09:21:00 AM,2517.85,1,2517.85,330181675.04999995
09:21:00 AM,2517.85,82,206463.69999999998,330388138.74999994
09:21:00 AM,2518.65,0,0.0,330388138.74999994
09:21:01 AM,2518.2,26,65473.2,330453611.9499999
09:21:01 AM,2518.2,32,80582.4,330534194.3499999
09:21:01 AM,2517.9,0,0.0,330534194.3499999
09:21:02 AM,2518.95,150,377842.5,330912036.8499999
09:21:02 AM,2519.75,0,0.0,330912036.8499999
09:21:03 AM,2519.25,553,1393145.25,332305182.0999999
09:21:03 AM,2519.25,45,113366.25,332418548.3499999
09:21:03 AM,2519.35,0,0.0,332418548.3499999
09:21:04 AM,2519.35,68,171315.8,332589864.1499999
09:21:05 AM,2519.35,19,47867.65,332637731.7999999
09:21:05 AM,2519.55,0,0.0,332637731.7999999
09:21:05 AM,2519.55,2,5039.1,332642770.8999999
09:21:05 AM,2519.3,0,0.0,332642770.8999999
09:21:06 AM,2519.3,18,45347.4,332688118.2999999
09:21:06 AM,2519.65,82,206611.30000000002,332894729.5999999
09:21:07 AM,2518.65,45,113339.25,333008068.8499999
09:21:07 AM,2519.65,0,0.0,333008068.8499999
09:21:07 AM,2519.65,142,357790.3,333365859.1499999
09:21:08 AM,2518.75,14,35262.5,333401121.6499999
09:21:08 AM,2518.95,78,196478.09999999998,333597599.74999994
09:21:09 AM,2519.65,1,2519.65,333600119.3999999
09:21:09 AM,2519.65,42,105825.3,333705944.6999999
09:21:10 AM,2519.65,13,32755.45,333738700.1499999
09:21:11 AM,2519.6,3,7558.799999999999,333746258.9499999
09:21:11 AM,2519.6,1,2519.6,333748778.54999995
09:21:11 AM,2521.1,2214,5581715.399999999,339330493.9499999
09:21:12 AM,2521.0,195,491595.0,339822088.9499999
09:21:12 AM,2521.05,0,0.0,339822088.9499999
09:21:12 AM,2521.05,731,1842887.55,341664976.49999994
09:21:12 AM,2521.1,0,0.0,341664976.49999994
09:21:13 AM,2520.95,310,781494.5,342446470.99999994
09:21:13 AM,2521.7,0,0.0,342446470.99999994
09:21:13 AM,2521.7,79,199214.3,342645685.29999995
09:21:14 AM,2522.1,284,716276.4,343361961.6999999
09:21:14 AM,2520.75,0,0.0,343361961.6999999
09:21:14 AM,2520.75,5,12603.75,343374565.4499999
09:21:15 AM,2520.75,13,32769.75,343407335.1999999
09:21:15 AM,2521.8,0,0.0,343407335.1999999
09:21:15 AM,2521.8,138,348008.4,343755343.5999999
09:21:16 AM,2521.15,57,143705.55000000002,343899049.1499999
09:21:16 AM,2521.85,0,0.0,343899049.1499999
09:21:16 AM,2521.85,99,249663.15,344148712.2999999
09:21:17 AM,2521.85,32,80699.2,344229411.4999999
09:21:17 AM,2522.0,65,163930.0,344393341.4999999
09:21:17 AM,2521.15,0,0.0,344393341.4999999
09:21:18 AM,2521.15,1,2521.15,344395862.64999986
09:21:18 AM,2522.15,0,0.0,344395862.64999986
09:21:18 AM,2522.15,2,5044.3,344400906.94999987
09:21:19 AM,2521.95,0,0.0,344400906.94999987
09:21:19 AM,2521.95,25,63048.74999999999,344463955.69999987
09:21:20 AM,2519.6,0,0.0,344463955.69999987
09:21:20 AM,2520.85,483,1217570.55,345681526.2499999
09:21:20 AM,2520.75,0,0.0,345681526.2499999
09:21:21 AM,2520.95,370,932751.4999999999,346614277.7499999
09:21:21 AM,2520.45,0,0.0,346614277.7499999
09:21:21 AM,2520.45,568,1431615.5999999999,348045893.3499999
09:21:21 AM,2519.1,0,0.0,348045893.3499999
09:21:22 AM,2520.35,196,493988.6,348539881.9499999
09:21:22 AM,2520.0,0,0.0,348539881.9499999
09:21:22 AM,2520.4,236,594814.4,349134696.3499999
09:21:23 AM,2519.65,65,163777.25,349298473.5999999
09:21:24 AM,2520.4,72,181468.80000000002,349479942.3999999
09:21:24 AM,2519.25,0,0.0,349479942.3999999
09:21:24 AM,2519.25,27,68019.75,349547962.1499999
09:21:25 AM,2519.2,0,0.0,349547962.1499999
09:21:25 AM,2520.35,107,269677.45,349817639.5999999
09:21:26 AM,2519.25,40,100770.0,349918409.5999999
09:21:26 AM,2520.35,0,0.0,349918409.5999999
09:21:27 AM,2519.6,127,319989.2,350238398.7999999
09:21:27 AM,2520.0,0,0.0,350238398.7999999
09:21:27 AM,2520.0,164,413280.0,350651678.7999999
09:21:28 AM,2520.05,60,151203.0,350802881.7999999
09:21:28 AM,2520.05,223,561971.15,351364852.94999987
09:21:29 AM,2519.9,3,7559.700000000001,351372412.64999986
09:21:29 AM,2519.2,0,0.0,351372412.64999986
09:21:29 AM,2519.2,77,193978.4,351566391.04999983
09:21:30 AM,2520.0,6,15120.0,351581511.04999983
09:21:30 AM,2518.0,0,0.0,351581511.04999983
09:21:30 AM,2519.1,610,1536651.0,353118162.04999983
09:21:31 AM,2520.0,194,488880.0,353607042.04999983
09:21:31 AM,2519.1,0,0.0,353607042.04999983
09:21:31 AM,2519.05,25,62976.25000000001,353670018.29999983
09:21:32 AM,2519.4,85,214149.0,353884167.29999983
09:21:32 AM,2520.35,0,0.0,353884167.29999983
09:21:32 AM,2520.35,103,259596.05,354143763.34999985
09:21:33 AM,2520.25,0,0.0,354143763.34999985
09:21:33 AM,2520.25,245,617461.25,354761224.59999985
09:21:34 AM,2519.75,35,88191.25,354849415.84999985
09:21:35 AM,2520.0,1,2520.0,354851935.84999985
09:21:36 AM,2519.95,2,5039.9,354856975.7499998
09:21:36 AM,2519.95,9,22679.55,354879655.29999983
09:21:37 AM,2519.95,50,125997.49999999999,355005652.79999983
09:21:38 AM,2519.95,19,47879.049999999996,355053531.84999985
09:21:38 AM,2519.95,20,50399.0,355103930.84999985
09:21:39 AM,2519.95,10,25199.5,355129130.34999985
09:21:40 AM,2519.75,7,17638.25,355146768.59999985
09:21:40 AM,2519.95,63,158756.84999999998,355305525.44999987
09:21:41 AM,2520.0,53,133560.0,355439085.44999987
09:21:41 AM,2519.95,0,0.0,355439085.44999987
09:21:41 AM,2519.95,1050,2645947.5,358085032.94999987
09:21:42 AM,2520.0,165,415800.0,358500832.94999987
09:21:42 AM,2519.65,10,25196.5,358526029.44999987
09:21:43 AM,2519.45,0,0.0,358526029.44999987
09:21:43 AM,2519.35,67,168796.44999999998,358694825.89999986
09:21:44 AM,2519.0,415,1045385.0,359740210.89999986
09:21:44 AM,2518.75,134,337512.5,360077723.39999986
09:21:45 AM,2519.75,88,221738.0,360299461.39999986
09:21:45 AM,2518.95,0,0.0,360299461.39999986
09:21:45 AM,2518.95,44,110833.79999999999,360410295.19999987
09:21:46 AM,2518.95,84,211591.8,360621886.9999999
09:21:46 AM,2519.7,0,0.0,360621886.9999999
09:21:46 AM,2519.4,23,57946.200000000004,360679833.19999987
09:21:47 AM,2519.7,1,2519.7,360682352.89999986
09:21:47 AM,2519.7,96,241891.19999999998,360924244.09999985
09:21:48 AM,2518.95,150,377842.5,361302086.59999985
09:21:48 AM,2519.7,0,0.0,361302086.59999985
09:21:48 AM,2519.65,91,229288.15,361531374.7499998
09:21:49 AM,2518.9,0,0.0,361531374.7499998
09:21:49 AM,2519.2,199,501320.8,362032695.54999983
09:21:50 AM,2518.45,19,47850.549999999996,362080546.09999985
09:21:50 AM,2518.4,39,98217.6,362178763.69999987
09:21:51 AM,2518.0,34,85612.0,362264375.69999987
09:21:51 AM,2518.4,0,0.0,362264375.69999987
09:21:51 AM,2518.4,31,78070.40000000001,362342446.09999985
09:21:52 AM,2518.4,6,15110.400000000001,362357556.4999998
09:21:52 AM,2518.35,0,0.0,362357556.4999998
09:21:52 AM,2518.4,60,151104.0,362508660.4999998
09:21:53 AM,2518.35,11,27701.85,362536362.34999985
09:21:53 AM,2518.4,0,0.0,362536362.34999985
09:21:53 AM,2518.45,0,0.0,362536362.34999985
09:21:54 AM,2518.45,291,732868.95,363269231.29999983
09:21:54 AM,2518.45,22,55405.899999999994,363324637.1999998
09:21:55 AM,2518.9,4,10075.6,363334712.79999983
09:21:55 AM,2518.4,0,0.0,363334712.79999983
09:21:55 AM,2518.35,0,0.0,363334712.79999983
09:21:56 AM,2518.35,42,105770.7,363440483.4999998
09:21:56 AM,2518.85,50,125942.5,363566425.9999998
09:21:56 AM,2518.9,0,0.0,363566425.9999998
09:21:56 AM,2518.25,0,0.0,363566425.9999998
09:21:57 AM,2518.25,47,118357.75,363684783.7499998
09:21:57 AM,2518.2,0,0.0,363684783.7499998
09:21:57 AM,2518.0,0,0.0,363684783.7499998
09:21:58 AM,2518.45,135,339990.75,364024774.4999998
09:21:58 AM,2518.0,0,0.0,364024774.4999998
09:21:59 AM,2518.45,459,1155968.5499999998,365180743.04999983
09:22:00 AM,2518.45,33,83108.84999999999,365263851.89999986
09:22:01 AM,2518.4,0,0.0,365263851.89999986
09:22:02 AM,2518.4,45,113328.0,365377179.89999986
09:22:02 AM,2518.25,0,0.0,365377179.89999986
09:22:03 AM,2518.25,46,115839.5,365493019.39999986
09:22:04 AM,2518.25,10,25182.5,365518201.89999986
09:22:04 AM,2518.0,0,0.0,365518201.89999986
09:22:04 AM,2518.25,0,0.0,365518201.89999986
09:22:05 AM,2518.25,119,299671.75,365817873.64999986
09:22:05 AM,2518.45,230,579243.5,366397117.14999986
09:22:05 AM,2518.4,0,0.0,366397117.14999986
09:22:05 AM,2518.25,0,0.0,366397117.14999986
09:22:06 AM,2518.25,95,239233.75,366636350.89999986
09:22:06 AM,2518.25,1,2518.25,366638869.14999986
09:22:07 AM,2518.3,0,0.0,366638869.14999986
09:22:07 AM,2518.25,0,0.0,366638869.14999986
09:22:08 AM,2518.25,98,246788.5,366885657.64999986
09:22:08 AM,2519.15,0,0.0,366885657.64999986
09:22:09 AM,2519.15,4,10076.6,366895734.2499999
09:22:09 AM,2519.15,17,42825.55,366938559.7999999
09:22:09 AM,2519.65,0,0.0,366938559.7999999
09:22:10 AM,2519.65,194,488812.10000000003,367427371.8999999
09:22:10 AM,2518.3,0,0.0,367427371.8999999
09:22:10 AM,2518.65,0,0.0,367427371.8999999
09:22:11 AM,2518.65,99,249346.35,367676718.24999994
09:22:11 AM,2519.25,0,0.0,367676718.24999994
09:22:11 AM,2519.25,93,234290.25,367911008.49999994
09:22:11 AM,2519.15,0,0.0,367911008.49999994
09:22:12 AM,2519.15,1,2519.15,367913527.6499999
09:22:12 AM,2519.7,0,0.0,367913527.6499999
09:22:12 AM,2519.7,214,539215.7999999999,368452743.4499999
09:22:13 AM,2519.7,1,2519.7,368455263.1499999
09:22:13 AM,2519.7,2,5039.4,368460302.5499999
09:22:14 AM,2518.95,52,130985.4,368591287.94999987
09:22:14 AM,2519.2,15,37788.0,368629075.94999987
09:22:15 AM,2519.2,4,10076.8,368639152.7499999
09:22:16 AM,2519.65,0,0.0,368639152.7499999
09:22:16 AM,2519.65,133,335113.45,368974266.19999987
09:22:17 AM,2518.9,100,251890.0,369226156.19999987
09:22:17 AM,2519.6,0,0.0,369226156.19999987
09:22:17 AM,2519.15,155,390468.25,369616624.44999987
09:22:17 AM,2519.65,0,0.0,369616624.44999987
09:22:18 AM,2519.65,8,20157.2,369636781.64999986
09:22:18 AM,2519.6,0,0.0,369636781.64999986
09:22:18 AM,2519.6,10,25196.0,369661977.64999986
09:22:19 AM,2519.6,25,62990.0,369724967.64999986
09:22:20 AM,2518.95,0,0.0,369724967.64999986
09:22:20 AM,2518.95,184,463486.8,370188454.44999987
09:22:21 AM,2519.55,0,0.0,370188454.44999987
09:22:21 AM,2519.55,2,5039.1,370193493.5499999
09:22:22 AM,2519.55,10,25195.5,370218689.0499999
09:22:23 AM,2518.95,0,0.0,370218689.0499999
09:22:23 AM,2518.95,27,68011.65,370286700.69999987
09:22:23 AM,2519.5,0,0.0,370286700.69999987
09:22:24 AM,2519.5,5,12597.5,370299298.19999987
09:22:24 AM,2518.95,0,0.0,370299298.19999987
09:22:24 AM,2518.95,590,1486180.5,371785478.69999987
09:22:25 AM,2519.4,146,367832.4,372153311.09999985
09:22:25 AM,2518.95,0,0.0,372153311.09999985
09:22:26 AM,2518.9,26,65491.4,372218802.4999998
09:22:26 AM,2519.45,0,0.0,372218802.4999998
09:22:26 AM,2519.55,120,302346.0,372521148.4999998
09:22:26 AM,2519.6,0,0.0,372521148.4999998
09:22:27 AM,2518.9,50,125945.0,372647093.4999998
09:22:28 AM,2518.9,18,45340.200000000004,372692433.6999998
09:22:28 AM,2518.45,0,0.0,372692433.6999998
09:22:28 AM,2518.45,30,75553.5,372767987.1999998
09:22:28 AM,2518.4,0,0.0,372767987.1999998
09:22:29 AM,2519.15,77,193974.55000000002,372961961.7499998
09:22:29 AM,2518.4,0,0.0,372961961.7499998
09:22:29 AM,2518.4,55,138512.0,373100473.7499998
09:22:30 AM,2518.3,60,151098.0,373251571.7499998
09:22:30 AM,2519.0,0,0.0,373251571.7499998
09:22:30 AM,2518.25,55,138503.75,373390075.4999998
09:22:31 AM,2519.1,1,2519.1,373392594.59999985
09:22:31 AM,2519.05,0,0.0,373392594.59999985
09:22:31 AM,2519.05,13,32747.65,373425342.2499998
09:22:32 AM,2518.25,74,186350.5,373611692.7499998
09:22:32 AM,2518.25,21,52883.25,373664575.9999998
09:22:32 AM,2518.2,0,0.0,373664575.9999998
09:22:33 AM,2518.2,43,108282.59999999999,373772858.59999985
09:22:33 AM,2518.2,18,45327.6,373818186.19999987
09:22:34 AM,2518.6,1,2518.6,373820704.7999999
09:22:34 AM,2518.0,0,0.0,373820704.7999999
09:22:34 AM,2518.0,199,501082.0,374321786.7999999
09:22:35 AM,2518.0,41,103238.0,374425024.7999999
09:22:35 AM,2518.0,86,216548.0,374641572.7999999
09:22:36 AM,2518.4,0,0.0,374641572.7999999
09:22:36 AM,2518.25,0,0.0,374641572.7999999
09:22:36 AM,2517.45,349,878590.0499999999,375520162.8499999
09:22:37 AM,2517.25,8,20138.0,375540300.8499999
09:22:37 AM,2516.95,0,0.0,375540300.8499999
09:22:37 AM,2517.15,0,0.0,375540300.8499999
09:22:37 AM,2517.15,58,145994.7,375686295.5499999
09:22:38 AM,2517.7,0,0.0,375686295.5499999
09:22:38 AM,2517.7,276,694885.2,376381180.7499999
09:22:39 AM,2515.65,0,0.0,376381180.7499999
09:22:39 AM,2516.4,0,0.0,376381180.7499999
09:22:39 AM,2516.4,663,1668373.2,378049553.94999987
09:22:40 AM,2515.0,0,0.0,378049553.94999987
09:22:40 AM,2514.65,673,1692359.45,379741913.39999986
09:22:40 AM,2514.45,0,0.0,379741913.39999986
09:22:40 AM,2514.45,47,118179.15,379860092.54999983
09:22:41 AM,2515.45,0,0.0,379860092.54999983
09:22:41 AM,2515.5,301,757165.5,380617258.04999983
09:22:42 AM,2515.05,0,0.0,380617258.04999983
09:22:42 AM,2514.05,347,872375.3500000001,381489633.39999986
09:22:43 AM,2515.1,0,0.0,381489633.39999986
09:22:43 AM,2515.1,432,1086523.2,382576156.59999985
09:22:44 AM,2515.15,0,0.0,382576156.59999985
09:22:44 AM,2515.15,78,196181.7,382772338.29999983
09:22:45 AM,2514.3,0,0.0,382772338.29999983
09:22:45 AM,2514.3,156,392230.80000000005,383164569.09999985
09:22:46 AM,2514.3,150,377145.0,383541714.09999985
09:22:47 AM,2514.3,156,392230.80000000005,383933944.89999986
09:22:48 AM,2513.95,0,0.0,383933944.89999986
09:22:48 AM,2514.3,64,160915.2,384094860.09999985
09:22:49 AM,2514.3,39,98057.70000000001,384192917.79999983
09:22:50 AM,2514.3,89,223772.7,384416690.4999998
09:22:51 AM,2514.0,31,77934.0,384494624.4999998
09:22:51 AM,2514.0,10,25140.0,384519764.4999998
09:22:52 AM,2514.8,0,0.0,384519764.4999998
09:22:52 AM,2513.9,174,437418.60000000003,384957183.09999985
09:22:53 AM,2513.55,0,0.0,384957183.09999985
09:22:53 AM,2513.55,608,1528238.4000000001,386485421.4999998
09:22:53 AM,2513.55,4,10054.2,386495475.6999998
09:22:54 AM,2514.25,0,0.0,386495475.6999998
09:22:54 AM,2514.4,878,2207643.2,388703118.8999998
09:22:55 AM,2514.8,0,0.0,388703118.8999998
09:22:55 AM,2513.6,779,1958094.4,390661213.2999998
09:22:56 AM,2514.05,0,0.0,390661213.2999998
09:22:56 AM,2513.85,769,1933150.65,392594363.94999975
09:22:57 AM,2513.8,0,0.0,392594363.94999975
09:22:57 AM,2513.8,493,1239303.4000000001,393833667.3499997
09:22:58 AM,2513.25,0,0.0,393833667.3499997
09:22:58 AM,2513.1,0,0.0,393833667.3499997
09:22:58 AM,2513.1,549,1379691.9,395213359.2499997
09:22:59 AM,2514.1,0,0.0,395213359.2499997
09:22:59 AM,2513.1,0,0.0,395213359.2499997
09:22:59 AM,2513.1,433,1088172.3,396301531.5499997
09:23:00 AM,2514.0,0,0.0,396301531.5499997
09:23:00 AM,2514.0,595,1495830.0,397797361.5499997
09:23:00 AM,2512.7,83,208554.09999999998,398005915.64999974
09:23:01 AM,2511.9,0,0.0,398005915.64999974
09:23:01 AM,2511.0,0,0.0,398005915.64999974
09:23:01 AM,2511.0,1007,2528577.0,400534492.64999974
09:23:01 AM,2512.0,133,334096.0,400868588.64999974
09:23:02 AM,2511.95,0,0.0,400868588.64999974
09:23:02 AM,2510.7,0,0.0,400868588.64999974
09:23:02 AM,2510.7,876,2199373.1999999997,403067961.8499997
09:23:03 AM,2511.25,0,0.0,403067961.8499997
09:23:03 AM,2510.9,784,1968545.6,405036507.44999975
09:23:03 AM,2510.85,238,597582.2999999999,405634089.74999976
09:23:04 AM,2510.9,0,0.0,405634089.74999976
09:23:04 AM,2510.85,0,0.0,405634089.74999976
09:23:04 AM,2510.85,836,2099070.6,407733160.3499998
09:23:04 AM,2512.25,155,389398.75,408122559.0999998
09:23:05 AM,2510.45,0,0.0,408122559.0999998
09:23:05 AM,2511.9,0,0.0,408122559.0999998
09:23:05 AM,2510.6,1393,3497265.8,411619824.8999998
09:23:06 AM,2510.85,0,0.0,411619824.8999998
09:23:06 AM,2510.7,392,984194.3999999999,412604019.2999998
09:23:06 AM,2510.85,199,499659.14999999997,413103678.44999975
09:23:07 AM,2510.6,0,0.0,413103678.44999975
09:23:07 AM,2510.8,0,0.0,413103678.44999975
09:23:07 AM,2510.75,670,1682202.5,414785880.94999975
09:23:07 AM,2510.8,72,180777.6,414966658.5499998
09:23:08 AM,2510.55,0,0.0,414966658.5499998
09:23:08 AM,2511.55,0,0.0,414966658.5499998
09:23:08 AM,2511.55,1865,4684040.75,419650699.2999998
09:23:09 AM,2510.85,0,0.0,419650699.2999998
09:23:09 AM,2512.4,0,0.0,419650699.2999998
09:23:09 AM,2512.4,1205,3027442.0,422678141.2999998
09:23:09 AM,2510.75,158,396698.5,423074839.7999998
09:23:10 AM,2511.1,0,0.0,423074839.7999998
09:23:10 AM,2510.9,0,0.0,423074839.7999998
09:23:10 AM,2510.85,375,941568.75,424016408.5499998
09:23:11 AM,2512.05,20,50241.0,424066649.5499998
09:23:11 AM,2511.1,176,441953.6,424508603.1499998
09:23:11 AM,2513.25,0,0.0,424508603.1499998
09:23:12 AM,2511.1,1210,3038431.0,427547034.1499998
09:23:12 AM,2511.2,91,228519.19999999998,427775553.3499998
09:23:13 AM,2511.3,548,1376192.4000000001,429151745.74999976
09:23:13 AM,2511.1,0,0.0,429151745.74999976
09:23:14 AM,2512.25,414,1040071.5,430191817.24999976
09:23:14 AM,2511.85,0,0.0,430191817.24999976
09:23:15 AM,2511.9,730,1833687.0,432025504.24999976
09:23:15 AM,2513.65,281,706335.65,432731839.89999974
09:23:15 AM,2513.25,0,0.0,432731839.89999974
09:23:16 AM,2512.85,288,723700.7999999999,433455540.69999975
09:23:16 AM,2513.05,96,241252.80000000002,433696793.49999976
09:23:17 AM,2512.8,352,884505.6000000001,434581299.0999998
09:23:17 AM,2512.8,191,479944.80000000005,435061243.8999998
09:23:18 AM,2512.35,265,665772.75,435727016.6499998
09:23:18 AM,2513.7,0,0.0,435727016.6499998
09:23:18 AM,2513.75,235,590731.25,436317747.8999998
09:23:19 AM,2512.2,285,715977.0,437033724.8999998
09:23:19 AM,2513.55,0,0.0,437033724.8999998
09:23:19 AM,2512.2,398,999855.6,438033580.4999998
09:23:19 AM,2513.55,0,0.0,438033580.4999998
09:23:20 AM,2512.2,469,1178221.7999999998,439211802.29999983
09:23:20 AM,2512.05,0,0.0,439211802.29999983
09:23:20 AM,2512.9,427,1073008.3,440284810.59999985
09:23:21 AM,2511.9,134,336594.60000000003,440621405.19999987
09:23:21 AM,2510.85,347,871264.95,441492670.14999986
09:23:21 AM,2512.1,0,0.0,441492670.14999986
09:23:22 AM,2510.25,239,599949.75,442092619.89999986
09:23:22 AM,2510.0,415,1041650.0,443134269.89999986
09:23:22 AM,2510.2,0,0.0,443134269.89999986
09:23:23 AM,2510.05,177,444278.85000000003,443578548.7499999
09:23:23 AM,2511.6,452,1135243.2,444713791.94999987
09:23:23 AM,2510.1,0,0.0,444713791.94999987
09:23:24 AM,2510.05,164,411648.2,445125440.14999986
09:23:24 AM,2511.75,483,1213175.25,446338615.39999986
09:23:25 AM,2510.35,498,1250154.3,447588769.69999987
09:23:25 AM,2509.75,100,250975.0,447839744.69999987
09:23:26 AM,2510.05,449,1127012.4500000002,448966757.14999986
09:23:26 AM,2509.65,0,0.0,448966757.14999986
09:23:27 AM,2509.7,213,534566.1,449501323.2499999
09:23:27 AM,2509.65,112,281080.8,449782404.0499999
09:23:28 AM,2511.3,359,901556.7000000001,450683960.7499999
09:23:28 AM,2509.5,54,135513.0,450819473.7499999
09:23:29 AM,2510.2,151,379040.19999999995,451198513.94999987
09:23:29 AM,2510.0,82,205820.0,451404333.94999987
09:23:30 AM,2510.0,266,667660.0,452071993.94999987
09:23:30 AM,2510.8,98,246058.40000000002,452318052.34999985
09:23:30 AM,2510.85,0,0.0,452318052.34999985
09:23:31 AM,2510.0,10,25100.0,452343152.34999985
09:23:31 AM,2510.0,2,5020.0,452348172.34999985
09:23:32 AM,2509.6,70,175672.0,452523844.34999985
09:23:33 AM,2510.95,657,1649694.15,454173538.4999998
09:23:33 AM,2509.6,0,0.0,454173538.4999998
09:23:33 AM,2509.6,22,55211.2,454228749.6999998
09:23:33 AM,2510.05,0,0.0,454228749.6999998
09:23:34 AM,2510.45,66,165689.69999999998,454394439.3999998
09:23:34 AM,2510.6,0,0.0,454394439.3999998
09:23:34 AM,2510.9,200,502180.0,454896619.3999998
09:23:34 AM,2510.0,0,0.0,454896619.3999998
09:23:35 AM,2509.7,136,341319.19999999995,455237938.5999998
09:23:35 AM,2509.6,0,0.0,455237938.5999998
09:23:35 AM,2509.55,251,629897.05,455867835.6499998
09:23:36 AM,2510.0,110,276100.0,456143935.6499998
09:23:36 AM,2510.9,0,0.0,456143935.6499998
09:23:36 AM,2510.0,175,439250.0,456583185.6499998
09:23:37 AM,2510.0,190,476900.0,457060085.6499998
09:23:38 AM,2509.65,193,484362.45,457544448.0999998
09:23:38 AM,2509.6,31,77797.59999999999,457622245.6999998
09:23:39 AM,2509.35,152,381421.2,458003666.8999998
09:23:39 AM,2510.65,39,97915.35,458101582.2499998
09:23:40 AM,2510.2,112,281142.39999999997,458382724.6499998
09:23:40 AM,2509.8,0,0.0,458382724.6499998
09:23:40 AM,2510.65,90,225958.5,458608683.1499998
09:23:41 AM,2510.05,137,343876.85000000003,458952559.9999998
09:23:41 AM,2512.05,700,1758435.0000000002,460710994.9999998
09:23:42 AM,2510.9,163,409276.7,461120271.6999998
09:23:42 AM,2510.25,24,60246.0,461180517.6999998
09:23:43 AM,2509.8,0,0.0,461180517.6999998
09:23:43 AM,2509.5,88,220836.0,461401353.6999998
09:23:44 AM,2510.45,0,0.0,461401353.6999998
09:23:44 AM,2509.15,80,200732.0,461602085.6999998
09:23:45 AM,2509.1,0,0.0,461602085.6999998
09:23:45 AM,2509.1,12,30109.199999999997,461632194.8999998
09:23:46 AM,2510.3,0,0.0,461632194.8999998
09:23:47 AM,2510.45,480,1205016.0,462837210.8999998
09:23:47 AM,2510.85,0,0.0,462837210.8999998
09:23:47 AM,2510.0,231,579810.0,463417020.8999998
09:23:48 AM,2509.7,0,0.0,463417020.8999998
09:23:48 AM,2509.7,207,519507.89999999997,463936528.7999998
09:23:48 AM,2509.6,0,0.0,463936528.7999998
09:23:49 AM,2509.6,38,95364.8,464031893.5999998
09:23:49 AM,2510.65,0,0.0,464031893.5999998
09:23:49 AM,2510.65,78,195830.7,464227724.2999998
09:23:50 AM,2509.8,0,0.0,464227724.2999998
09:23:50 AM,2508.85,181,454101.85,464681826.1499998
09:23:50 AM,2509.55,0,0.0,464681826.1499998
09:23:51 AM,2509.55,131,328751.05000000005,465010577.1999998
09:23:51 AM,2509.5,0,0.0,465010577.1999998
09:23:51 AM,2509.5,16,40152.0,465050729.1999998
09:23:52 AM,2509.7,0,0.0,465050729.1999998
09:23:52 AM,2509.7,224,562172.7999999999,465612901.9999998
09:23:53 AM,2509.5,0,0.0,465612901.9999998
09:23:53 AM,2509.5,20,50190.0,465663091.9999998
09:23:53 AM,2509.7,0,0.0,465663091.9999998
09:23:54 AM,2509.1,58,145527.8,465808619.79999983
09:23:54 AM,2510.6,0,0.0,465808619.79999983
09:23:54 AM,2509.6,284,712726.4,466521346.1999998
09:23:54 AM,2509.95,0,0.0,466521346.1999998
09:23:55 AM,2510.6,90,225954.0,466747300.1999998
09:23:55 AM,2509.4,0,0.0,466747300.1999998
09:23:55 AM,2509.4,419,1051438.6,467798738.79999983
09:23:55 AM,2509.2,0,0.0,467798738.79999983
09:23:56 AM,2509.2,82,205754.4,468004493.1999998
09:23:56 AM,2511.0,0,0.0,468004493.1999998
09:23:56 AM,2509.1,560,1405096.0,469409589.1999998
09:23:57 AM,2509.0,0,0.0,469409589.1999998
09:23:57 AM,2509.1,475,1191822.5,470601411.6999998
09:23:57 AM,2508.45,0,0.0,470601411.6999998
09:23:58 AM,2508.45,76,190642.19999999998,470792053.8999998
09:23:58 AM,2508.0,0,0.0,470792053.8999998
09:23:58 AM,2509.35,253,634865.5499999999,471426919.4499998
09:23:58 AM,2508.1,0,0.0,471426919.4499998
09:23:59 AM,2508.1,154,386247.39999999997,471813166.8499998
09:23:59 AM,2507.6,0,0.0,471813166.8499998
09:23:59 AM,2507.35,726,1820336.0999999999,473633502.9499998
09:24:00 AM,2507.3,976,2447124.8000000003,476080627.7499998
09:24:00 AM,2506.45,0,0.0,476080627.7499998
09:24:00 AM,2507.4,902,2261674.8000000003,478342302.54999983
09:24:00 AM,2506.25,0,0.0,478342302.54999983
09:24:01 AM,2505.9,170,426003.0,478768305.54999983
09:24:01 AM,2505.4,0,0.0,478768305.54999983
09:24:01 AM,2505.4,583,1460648.2,480228953.7499998
09:24:02 AM,2505.05,56,140282.80000000002,480369236.54999983
09:24:02 AM,2506.6,0,0.0,480369236.54999983
09:24:02 AM,2504.75,1513,3789686.75,484158923.29999983
09:24:02 AM,2506.3,0,0.0,484158923.29999983
09:24:03 AM,2506.3,87,218048.1,484376971.39999986
09:24:03 AM,2506.65,0,0.0,484376971.39999986
09:24:03 AM,2505.3,1063,2663133.9000000004,487040105.29999983
09:24:04 AM,2504.95,136,340673.19999999995,487380778.4999998
09:24:04 AM,2506.8,0,0.0,487380778.4999998
09:24:04 AM,2505.25,953,2387503.25,489768281.7499998
09:24:04 AM,2506.25,0,0.0,489768281.7499998
09:24:05 AM,2506.55,147,368462.85000000003,490136744.59999985
09:24:05 AM,2506.3,0,0.0,490136744.59999985
09:24:05 AM,2506.35,1172,2937442.1999999997,493074186.79999983
09:24:05 AM,2506.45,0,0.0,493074186.79999983
09:24:06 AM,2506.45,36,90232.2,493164418.9999998
09:24:06 AM,2506.5,221,553936.5,493718355.4999998
09:24:06 AM,2507.05,0,0.0,493718355.4999998
09:24:06 AM,2507.4,0,0.0,493718355.4999998
09:24:07 AM,2507.35,964,2417085.4,496135440.8999998
09:24:07 AM,2505.6,341,854409.6,496989850.4999998
09:24:07 AM,2505.55,0,0.0,496989850.4999998
09:24:08 AM,2505.55,781,1956834.55,498946685.04999983
09:24:08 AM,2506.85,782,1960356.7,500907041.7499998
09:24:08 AM,2505.95,0,0.0,500907041.7499998
09:24:09 AM,2505.95,369,924695.5499999999,501831737.29999983
09:24:09 AM,2506.1,60,150366.0,501982103.29999983
09:24:09 AM,2507.15,0,0.0,501982103.29999983
09:24:09 AM,2507.75,0,0.0,501982103.29999983
09:24:10 AM,2507.7,493,1236296.0999999999,503218399.39999986
09:24:10 AM,2506.15,205,513760.75,503732160.14999986
09:24:10 AM,2506.7,0,0.0,503732160.14999986
09:24:10 AM,2509.4,0,0.0,503732160.14999986
09:24:11 AM,2506.6,1932,4842751.2,508574911.34999985
09:24:11 AM,2506.5,91,228091.5,508803002.84999985
09:24:11 AM,2507.2,0,0.0,508803002.84999985
09:24:12 AM,2507.0,786,1970502.0,510773504.84999985
09:24:12 AM,2506.55,0,0.0,510773504.84999985
09:24:13 AM,2506.6,415,1040239.0,511813743.84999985
09:24:13 AM,2506.2,0,0.0,511813743.84999985
09:24:14 AM,2507.4,0,0.0,511813743.84999985
09:24:14 AM,2507.4,732,1835416.8,513649160.64999986
09:24:14 AM,2506.8,0,0.0,513649160.64999986
09:24:15 AM,2507.4,954,2392059.6,516041220.2499999
09:24:15 AM,2506.35,222,556409.7,516597629.94999987
09:24:15 AM,2506.4,0,0.0,516597629.94999987
09:24:16 AM,2507.3,0,0.0,516597629.94999987
09:24:16 AM,2507.3,784,1965723.2000000002,518563353.14999986
09:24:16 AM,2507.9,0,0.0,518563353.14999986
09:24:17 AM,2506.15,0,0.0,518563353.14999986
09:24:17 AM,2506.15,1276,3197847.4,521761200.54999983
09:24:17 AM,2507.8,163,408771.4,522169971.9499998
09:24:17 AM,2506.4,115,288236.0,522458207.9499998
09:24:18 AM,2507.8,0,0.0,522458207.9499998
09:24:18 AM,2507.8,563,1411891.4000000001,523870099.3499998
09:24:19 AM,2506.6,0,0.0,523870099.3499998
09:24:19 AM,2506.6,728,1824804.8,525694904.1499998
09:24:19 AM,2507.0,0,0.0,525694904.1499998
09:24:20 AM,2506.4,0,0.0,525694904.1499998
09:24:20 AM,2506.4,1060,2656784.0,528351688.1499998
09:24:20 AM,2506.1,118,295719.8,528647407.9499998
09:24:21 AM,2506.85,0,0.0,528647407.9499998
09:24:21 AM,2506.85,812,2035562.2,530682970.1499998
09:24:22 AM,2508.85,0,0.0,530682970.1499998
09:24:22 AM,2508.85,685,1718562.25,532401532.3999998
09:24:22 AM,2507.75,241,604367.75,533005900.1499998
09:24:23 AM,2507.5,0,0.0,533005900.1499998
09:24:23 AM,2507.5,514,1288855.0,534294755.1499998
09:24:23 AM,2507.4,263,659446.2000000001,534954201.3499998
09:24:24 AM,2508.6,0,0.0,534954201.3499998
09:24:24 AM,2508.6,153,383815.8,535338017.1499998
09:24:24 AM,2508.5,84,210714.0,535548731.1499998
09:24:24 AM,2507.45,0,0.0,535548731.1499998
09:24:25 AM,2508.6,0,0.0,535548731.1499998
09:24:25 AM,2509.35,435,1091567.25,536640298.3999998
09:24:26 AM,2508.3,0,0.0,536640298.3999998
09:24:26 AM,2509.4,433,1086570.2,537726868.5999998
09:24:27 AM,2507.7,0,0.0,537726868.5999998
09:24:27 AM,2508.0,234,586872.0,538313740.5999998
09:24:27 AM,2507.75,4,10031.0,538323771.5999998
09:24:28 AM,2507.75,389,975514.75,539299286.3499998
09:24:29 AM,2507.95,0,0.0,539299286.3499998
09:24:29 AM,2507.9,186,466469.4,539765755.7499998
09:24:30 AM,2509.15,0,0.0,539765755.7499998
09:24:30 AM,2508.8,702,1761177.6,541526933.3499998
09:24:30 AM,2508.7,0,0.0,541526933.3499998
09:24:31 AM,2508.1,300,752430.0,542279363.3499998
09:24:31 AM,2508.6,0,0.0,542279363.3499998
09:24:31 AM,2509.25,268,672479.0,542951842.3499998
09:24:32 AM,2507.95,205,514129.74999999994,543465972.0999998
09:24:32 AM,2508.7,0,0.0,543465972.0999998
09:24:32 AM,2510.1,340,853434.0,544319406.0999998
09:24:33 AM,2510.1,10,25101.0,544344507.0999998
09:24:33 AM,2510.0,0,0.0,544344507.0999998
09:24:33 AM,2509.15,265,664924.75,545009431.8499998
09:24:34 AM,2510.5,20,50210.0,545059641.8499998
09:24:34 AM,2509.25,0,0.0,545059641.8499998
09:24:35 AM,2509.25,35,87823.75,545147465.5999998
09:24:35 AM,2510.55,0,0.0,545147465.5999998
09:24:35 AM,2509.8,72,180705.6,545328171.1999998
09:24:36 AM,2510.7,0,0.0,545328171.1999998
09:24:36 AM,2509.25,26,65240.5,545393411.6999998
09:24:36 AM,2509.2,0,0.0,545393411.6999998
09:24:37 AM,2509.2,9,22582.8,545415994.4999998
09:24:37 AM,2510.0,0,0.0,545415994.4999998
09:24:37 AM,2510.0,2,5020.0,545421014.4999998
09:24:38 AM,2510.0,148,371480.0,545792494.4999998
09:24:39 AM,2510.0,7,17570.0,545810064.4999998
09:24:40 AM,2509.9,0,0.0,545810064.4999998
09:24:41 AM,2510.1,196,491979.6,546302044.0999998
09:24:41 AM,2510.75,0,0.0,546302044.0999998
09:24:42 AM,2509.85,51,128002.34999999999,546430046.4499998
09:24:42 AM,2510.9,4,10043.6,546440090.0499998
09:24:42 AM,2511.0,0,0.0,546440090.0499998
09:24:43 AM,2510.2,138,346407.6,546786497.6499999
09:24:43 AM,2510.15,67,168180.05000000002,546954677.6999998
09:24:43 AM,2510.1,0,0.0,546954677.6999998
09:24:43 AM,2509.75,0,0.0,546954677.6999998
09:24:44 AM,2510.0,234,587340.0,547542017.6999998
09:24:44 AM,2509.7,0,0.0,547542017.6999998
09:24:45 AM,2510.7,135,338944.5,547880962.1999998
09:24:45 AM,2510.55,0,0.0,547880962.1999998
09:24:45 AM,2510.65,0,0.0,547880962.1999998
09:24:46 AM,2510.65,13,32638.45,547913600.6499999
09:24:46 AM,2510.65,1,2510.65,547916111.2999998
09:24:46 AM,2509.7,0,0.0,547916111.2999998
09:24:46 AM,2510.5,0,0.0,547916111.2999998
09:24:47 AM,2510.6,258,647734.7999999999,548563846.0999998
09:24:47 AM,2509.7,0,0.0,548563846.0999998
09:24:47 AM,2510.1,0,0.0,548563846.0999998
09:24:48 AM,2510.1,65,163156.5,548727002.5999998
09:24:48 AM,2510.1,5,12550.5,548739553.0999998
09:24:49 AM,2510.1,225,564772.5,549304325.5999998
09:24:49 AM,2509.7,0,0.0,549304325.5999998
09:24:49 AM,2510.1,0,0.0,549304325.5999998
09:24:50 AM,2510.0,278,697780.0,550002105.5999998
09:24:50 AM,2509.95,0,0.0,550002105.5999998
09:24:51 AM,2509.95,19,47689.049999999996,550049794.6499997
09:24:51 AM,2509.8,20,50196.0,550099990.6499997
09:24:51 AM,2509.95,0,0.0,550099990.6499997
09:24:52 AM,2510.7,153,384137.1,550484127.7499998
09:24:52 AM,2510.7,2,5021.4,550489149.1499997
09:24:52 AM,2510.1,0,0.0,550489149.1499997
09:24:53 AM,2509.8,85,213333.00000000003,550702482.1499997
09:24:53 AM,2510.0,0,0.0,550702482.1499997
09:24:54 AM,2510.1,336,843393.6,551545875.7499998
09:24:54 AM,2510.65,1,2510.65,551548386.3999997
09:24:54 AM,2509.8,0,0.0,551548386.3999997
09:24:54 AM,2510.65,0,0.0,551548386.3999997
09:24:55 AM,2509.8,165,414117.00000000006,551962503.3999997
09:24:55 AM,2509.8,38,95372.40000000001,552057875.7999997
09:24:56 AM,2510.35,0,0.0,552057875.7999997
09:24:56 AM,2509.8,0,0.0,552057875.7999997
09:24:57 AM,2509.8,49,122980.20000000001,552180855.9999998
09:24:57 AM,2510.35,0,0.0,552180855.9999998
09:24:57 AM,2510.1,11,27611.1,552208467.0999998
09:24:57 AM,2510.35,0,0.0,552208467.0999998
09:24:58 AM,2510.1,36,90363.59999999999,552298830.6999998
09:24:58 AM,2510.35,0,0.0,552298830.6999998
09:24:58 AM,2510.0,37,92870.0,552391700.6999998
09:24:59 AM,2510.0,26,65260.0,552456960.6999998
09:25:00 AM,2509.95,20,50199.0,552507159.6999998
09:25:00 AM,2510.8,0,0.0,552507159.6999998
09:25:00 AM,2510.8,200,502160.00000000006,553009319.6999998
09:25:00 AM,2509.9,0,0.0,553009319.6999998
09:25:01 AM,2510.35,23,57738.049999999996,553067057.7499998
09:25:01 AM,2509.9,27,67767.3,553134825.0499997
09:25:02 AM,2510.7,0,0.0,553134825.0499997
09:25:03 AM,2510.7,50,125534.99999999999,553260360.0499997
09:25:03 AM,2509.95,0,0.0,553260360.0499997
09:25:03 AM,2510.35,21,52717.35,553313077.3999997
09:25:03 AM,2510.0,10,25100.0,553338177.3999997
09:25:04 AM,2509.95,27,67768.65,553405946.0499997
09:25:04 AM,2509.95,109,273584.55,553679530.5999997
09:25:05 AM,2510.75,0,0.0,553679530.5999997
09:25:05 AM,2510.75,208,522236.0,554201766.5999997
09:25:06 AM,2510.35,38,95393.3,554297159.8999996
09:25:06 AM,2510.75,0,0.0,554297159.8999996
09:25:06 AM,2511.35,0,0.0,554297159.8999996
09:25:06 AM,2511.35,800,2009080.0,556306239.8999996
09:25:07 AM,2510.6,367,921390.2,557227630.0999997
09:25:07 AM,2511.85,0,0.0,557227630.0999997
09:25:07 AM,2510.95,0,0.0,557227630.0999997
09:25:07 AM,2510.95,292,733197.3999999999,557960827.4999996
09:25:08 AM,2510.9,81,203382.9,558164210.3999996
09:25:08 AM,2510.7,0,0.0,558164210.3999996
09:25:08 AM,2511.6,0,0.0,558164210.3999996
09:25:09 AM,2511.55,576,1446652.8,559610863.1999996
09:25:09 AM,2511.1,332,833685.2,560444548.3999996
09:25:09 AM,2511.15,0,0.0,560444548.3999996
09:25:10 AM,2510.7,366,918916.2,561363464.5999997
09:25:10 AM,2510.65,0,0.0,561363464.5999997
09:25:11 AM,2510.55,296,743122.8,562106587.3999996
09:25:11 AM,2510.15,0,0.0,562106587.3999996
09:25:12 AM,2510.15,151,379032.65,562485620.0499996
09:25:12 AM,2510.25,199,499539.75,562985159.7999996
09:25:12 AM,2510.15,0,0.0,562985159.7999996
09:25:13 AM,2510.2,1115,2798873.0,565784032.7999996
09:25:13 AM,2511.45,0,0.0,565784032.7999996
09:25:13 AM,2511.45,236,592702.2,566376734.9999996
09:25:13 AM,2512.55,0,0.0,566376734.9999996
09:25:14 AM,2510.8,0,0.0,566376734.9999996
09:25:14 AM,2511.85,1931,4850382.35,571227117.3499997
09:25:14 AM,2511.05,36,90397.8,571317515.1499996
09:25:15 AM,2510.95,321,806014.95,572123530.0999997
09:25:15 AM,2510.75,0,0.0,572123530.0999997
09:25:15 AM,2510.7,0,0.0,572123530.0999997
09:25:15 AM,2510.7,1186,2977690.1999999997,575101220.2999997
09:25:16 AM,2510.7,53,133067.09999999998,575234287.3999997
09:25:16 AM,2510.3,0,0.0,575234287.3999997
09:25:16 AM,2510.3,1328,3333678.4000000004,578567965.7999997
09:25:17 AM,2510.45,0,0.0,578567965.7999997
09:25:17 AM,2510.95,0,0.0,578567965.7999997
09:25:18 AM,2510.8,1784,4479267.2,583047232.9999998
09:25:18 AM,2512.05,103,258741.15000000002,583305974.1499997
09:25:18 AM,2512.55,0,0.0,583305974.1499997
09:25:18 AM,2512.0,0,0.0,583305974.1499997
09:25:19 AM,2512.0,691,1735792.0,585041766.1499997
09:25:19 AM,2513.3,145,364428.5,585406194.6499997
09:25:19 AM,2512.3,0,0.0,585406194.6499997
09:25:19 AM,2512.65,0,0.0,585406194.6499997
09:25:20 AM,2512.25,847,2127875.75,587534070.3999997
09:25:20 AM,2513.25,0,0.0,587534070.3999997
09:25:21 AM,2513.25,1860,4674645.0,592208715.3999997
09:25:21 AM,2512.85,714,1794174.9,594002890.2999997
09:25:21 AM,2512.0,0,0.0,594002890.2999997
09:25:21 AM,2512.9,0,0.0,594002890.2999997
09:25:22 AM,2512.0,2508,6300096.0,600302986.2999997
09:25:22 AM,2512.0,5,12560.0,600315546.2999997
09:25:22 AM,2512.55,0,0.0,600315546.2999997
09:25:23 AM,2512.25,0,0.0,600315546.2999997
09:25:23 AM,2512.25,706,1773648.5,602089194.7999997
09:25:23 AM,2512.65,142,356796.3,602445991.0999997
09:25:23 AM,2511.1,0,0.0,602445991.0999997
09:25:23 AM,2511.1,190,477109.0,602923100.0999997
09:25:24 AM,2510.9,431,1082197.9000000001,604005297.9999996
09:25:24 AM,2510.95,0,0.0,604005297.9999996
09:25:25 AM,2510.95,1202,3018161.9,607023459.8999996
09:25:25 AM,2510.95,166,416817.69999999995,607440277.5999997
09:25:25 AM,2511.05,0,0.0,607440277.5999997
09:25:26 AM,2511.0,431,1082241.0,608522518.5999997
09:25:26 AM,2511.75,0,0.0,608522518.5999997
09:25:26 AM,2510.45,0,0.0,608522518.5999997
09:25:27 AM,2510.45,912,2289530.4,610812048.9999996
09:25:27 AM,2510.2,38,95387.59999999999,610907436.5999997
09:25:27 AM,2510.0,0,0.0,610907436.5999997
09:25:28 AM,2510.65,3906,9806598.9,620714035.4999996
09:25:28 AM,2510.65,49,123021.85,620837057.3499997
09:25:28 AM,2509.7,0,0.0,620837057.3499997
09:25:28 AM,2510.0,0,0.0,620837057.3499997
09:25:29 AM,2510.0,895,2246450.0,623083507.3499997
09:25:29 AM,2510.0,187,469370.0,623552877.3499997
09:25:29 AM,2509.5,0,0.0,623552877.3499997
09:25:29 AM,2509.35,0,0.0,623552877.3499997
09:25:30 AM,2510.95,777,1951008.15,625503885.4999996
09:25:30 AM,2509.5,0,0.0,625503885.4999996
09:25:31 AM,2511.25,0,0.0,625503885.4999996
09:25:31 AM,2511.15,344,863835.6,626367721.0999997
09:25:31 AM,2512.15,204,512478.60000000003,626880199.6999997
09:25:32 AM,2512.55,44,110552.20000000001,626990751.8999997
09:25:32 AM,2512.6,0,0.0,626990751.8999997
09:25:33 AM,2511.55,860,2159933.0,629150684.8999997
09:25:33 AM,2511.0,1307,3281877.0,632432561.8999997
09:25:33 AM,2511.5,0,0.0,632432561.8999997
09:25:33 AM,2510.55,0,0.0,632432561.8999997
09:25:34 AM,2510.5,1393,3497126.5,635929688.3999997
09:25:34 AM,2511.8,0,0.0,635929688.3999997
09:25:35 AM,2510.15,1535,3853080.25,639782768.6499997
09:25:35 AM,2510.2,5,12551.0,639795319.6499997
09:25:35 AM,2509.95,0,0.0,639795319.6499997
09:25:36 AM,2511.15,425,1067238.75,640862558.3999997
09:25:36 AM,2510.25,10,25102.5,640887660.8999997
09:25:37 AM,2510.2,759,1905241.7999999998,642792902.6999997
09:25:37 AM,2510.5,0,0.0,642792902.6999997
09:25:37 AM,2510.5,403,1011731.5,643804634.1999997
09:25:37 AM,2510.7,0,0.0,643804634.1999997
09:25:38 AM,2509.55,0,0.0,643804634.1999997
09:25:38 AM,2509.55,231,579706.05,644384340.2499996
09:25:39 AM,2510.1,8,20080.8,644404421.0499996
09:25:39 AM,2509.1,0,0.0,644404421.0499996
09:25:39 AM,2509.2,0,0.0,644404421.0499996
09:25:40 AM,2509.15,611,1533090.6500000001,645937511.6999996
09:25:40 AM,2509.2,0,0.0,645937511.6999996
09:25:41 AM,2509.9,313,785598.7000000001,646723110.3999996
09:25:41 AM,2509.15,40,100366.0,646823476.3999996
09:25:42 AM,2509.95,37,92868.15,646916344.5499996
09:25:42 AM,2510.05,0,0.0,646916344.5499996
09:25:43 AM,2510.05,272,682733.6000000001,647599078.1499996
09:25:43 AM,2509.95,5,12549.75,647611627.8999996
09:25:44 AM,2509.1,0,0.0,647611627.8999996
09:25:44 AM,2509.2,78,195717.59999999998,647807345.4999996
09:25:45 AM,2509.4,0,0.0,647807345.4999996
09:25:45 AM,2509.95,119,298684.05,648106029.5499996
09:25:48 AM,2509.95,1,2509.95,648108539.4999996
09:25:48 AM,2509.5,2,5019.0,648113558.4999996
09:25:48 AM,2509.95,0,0.0,648113558.4999996
09:25:49 AM,2509.95,11,27609.449999999997,648141167.9499997
09:25:50 AM,2509.35,0,0.0,648141167.9499997
09:25:50 AM,2509.35,187,469248.45,648610416.3999997
09:25:50 AM,2509.35,31,77789.84999999999,648688206.2499998
09:25:50 AM,2509.9,0,0.0,648688206.2499998
09:25:50 AM,2509.75,0,0.0,648688206.2499998
09:25:51 AM,2509.35,223,559585.0499999999,649247791.2999997
09:25:52 AM,2509.35,37,92845.95,649340637.2499998
09:25:52 AM,2509.65,0,0.0,649340637.2499998
09:25:53 AM,2509.6,35,87836.0,649428473.2499998
09:25:53 AM,2509.1,45,112909.5,649541382.7499998
09:25:55 AM,2509.55,0,0.0,649541382.7499998
09:25:55 AM,2509.75,0,0.0,649541382.7499998
09:25:55 AM,2509.45,0,0.0,649541382.7499998
09:25:55 AM,2509.75,193,484381.75,650025764.4999998
09:25:56 AM,2509.2,0,0.0,650025764.4999998
09:25:57 AM,2509.2,188,471729.6,650497494.0999998
09:25:57 AM,2509.75,0,0.0,650497494.0999998
09:25:57 AM,2509.3,0,0.0,650497494.0999998
09:25:58 AM,2509.3,56,140520.80000000002,650638014.8999997
09:25:58 AM,2509.1,0,0.0,650638014.8999997
09:25:59 AM,2509.7,202,506959.39999999997,651144974.2999997
09:26:00 AM,2508.3,101,253338.30000000002,651398312.5999997
09:26:00 AM,2508.2,0,0.0,651398312.5999997
09:26:01 AM,2507.7,0,0.0,651398312.5999997
09:26:01 AM,2507.7,468,1173603.5999999999,652571916.1999997
09:26:01 AM,2507.5,1,2507.5,652574423.6999997
09:26:01 AM,2507.35,0,0.0,652574423.6999997
09:26:02 AM,2508.2,0,0.0,652574423.6999997
09:26:02 AM,2508.35,1582,3968209.6999999997,656542633.3999997
09:26:03 AM,2508.25,0,0.0,656542633.3999997
09:26:03 AM,2508.3,0,0.0,656542633.3999997
09:26:04 AM,2508.3,189,474068.7,657016702.0999998
09:26:04 AM,2508.35,0,0.0,657016702.0999998
09:26:04 AM,2508.5,0,0.0,657016702.0999998
09:26:05 AM,2508.75,1337,3354198.75,660370900.8499998
09:26:05 AM,2508.4,291,729944.4,661100845.2499998
09:26:05 AM,2509.05,0,0.0,661100845.2499998
09:26:05 AM,2509.0,0,0.0,661100845.2499998
09:26:06 AM,2509.0,33,82797.0,661183642.2499998
09:26:06 AM,2509.75,448,1124368.0,662308010.2499998
09:26:06 AM,2509.35,0,0.0,662308010.2499998
09:26:07 AM,2509.05,203,509337.15,662817347.3999997
09:26:08 AM,2508.4,1258,3155567.2,665972914.5999998
09:26:08 AM,2509.55,0,0.0,665972914.5999998
09:26:09 AM,2507.95,1143,2866586.8499999996,668839501.4499998
09:26:09 AM,2508.2,3,7524.599999999999,668847026.0499998
09:26:09 AM,2506.85,0,0.0,668847026.0499998
09:26:10 AM,2507.1,1792,4492723.2,673339749.2499999
09:26:10 AM,2505.95,0,0.0,673339749.2499999
09:26:11 AM,2505.8,167,418468.60000000003,673758217.8499999
09:26:11 AM,2508.1,0,0.0,673758217.8499999
09:26:11 AM,2508.35,2254,5653820.899999999,679412038.7499999
09:26:11 AM,2507.45,0,0.0,679412038.7499999
09:26:12 AM,2508.6,876,2197533.6,681609572.3499999
09:26:12 AM,2507.05,0,0.0,681609572.3499999
09:26:12 AM,2506.6,1241,3110690.6,684720262.9499999
09:26:12 AM,2506.85,0,0.0,684720262.9499999
09:26:13 AM,2506.4,848,2125427.2,686845690.15
09:26:13 AM,2506.0,0,0.0,686845690.15
09:26:13 AM,2506.25,1463,3666643.75,690512333.9
09:26:14 AM,2506.6,503,1260819.8,691773153.6999999
09:26:14 AM,2505.7,0,0.0,691773153.6999999
09:26:14 AM,2506.15,645,1616466.75,693389620.4499999
09:26:15 AM,2505.35,278,696487.2999999999,694086107.7499999
09:26:15 AM,2505.2,0,0.0,694086107.7499999
09:26:15 AM,2506.05,1057,2648894.85,696735002.5999999
09:26:15 AM,2506.7,0,0.0,696735002.5999999
09:26:16 AM,2505.55,1366,3422581.3000000003,700157583.8999999
09:26:16 AM,2505.1,0,0.0,700157583.8999999
09:26:16 AM,2505.1,818,2049171.7999999998,702206755.6999998
09:26:16 AM,2506.75,0,0.0,702206755.6999998
09:26:17 AM,2505.45,687,1721244.15,703927999.8499998
09:26:17 AM,2507.85,0,0.0,703927999.8499998
09:26:17 AM,2508.2,1604,4023152.8,707951152.6499997
09:26:18 AM,2508.15,5,12540.75,707963693.3999997
09:26:18 AM,2508.55,0,0.0,707963693.3999997
09:26:18 AM,2507.65,102,255780.30000000002,708219473.6999997
09:26:18 AM,2509.95,0,0.0,708219473.6999997
09:26:19 AM,2511.0,954,2395494.0,710614967.6999997
09:26:19 AM,2509.7,0,0.0,710614967.6999997
09:26:19 AM,2509.7,518,1300024.5999999999,711914992.2999997
09:26:20 AM,2510.0,208,522080.0,712437072.2999997
09:26:20 AM,2510.85,0,0.0,712437072.2999997
09:26:20 AM,2511.45,204,512335.8,712949408.0999997
09:26:21 AM,2510.35,30,75310.5,713024718.5999997
09:26:21 AM,2510.4,0,0.0,713024718.5999997
09:26:21 AM,2511.35,290,728291.5,713753010.0999997
09:26:22 AM,2510.3,34,85350.20000000001,713838360.2999997
09:26:22 AM,2511.25,0,0.0,713838360.2999997
09:26:22 AM,2511.2,457,1147618.4,714985978.6999997
09:26:23 AM,2510.95,0,0.0,714985978.6999997
09:26:23 AM,2510.95,1,2510.95,714988489.6499997
09:26:24 AM,2510.9,86,215937.4,715204427.0499997
09:26:24 AM,2510.2,49,122999.79999999999,715327426.8499997
09:26:25 AM,2510.65,201,504640.65,715832067.4999996
09:26:25 AM,2512.15,0,0.0,715832067.4999996
09:26:25 AM,2512.15,101,253727.15000000002,716085794.6499996
09:26:25 AM,2511.3,0,0.0,716085794.6499996
09:26:26 AM,2512.35,476,1195878.5999999999,717281673.2499996
09:26:26 AM,2512.85,0,0.0,717281673.2499996
09:26:26 AM,2512.85,222,557852.7,717839525.9499997
09:26:26 AM,2512.65,0,0.0,717839525.9499997
09:26:27 AM,2512.85,161,404568.85,718244094.7999997
09:26:27 AM,2512.0,0,0.0,718244094.7999997
09:26:27 AM,2512.0,117,293904.0,718537998.7999997
09:26:28 AM,2512.45,80,200996.0,718738994.7999997
09:26:29 AM,2511.25,0,0.0,718738994.7999997
09:26:29 AM,2511.25,26,65292.5,718804287.2999997
09:26:29 AM,2511.2,0,0.0,718804287.2999997
09:26:30 AM,2512.25,2,5024.5,718809311.7999997
09:26:30 AM,2511.2,0,0.0,718809311.7999997
09:26:31 AM,2511.75,84,210987.0,719020298.7999997
09:26:31 AM,2511.2,0,0.0,719020298.7999997
09:26:31 AM,2511.2,22,55246.399999999994,719075545.1999997
09:26:32 AM,2511.75,10,25117.5,719100662.6999997
09:26:33 AM,2512.2,49,123097.79999999999,719223760.4999996
09:26:33 AM,2512.25,0,0.0,719223760.4999996
09:26:33 AM,2512.25,97,243688.25,719467448.7499996
09:26:34 AM,2512.45,20,50249.0,719517697.7499996
09:26:35 AM,2512.45,9,22612.05,719540309.7999996
09:26:35 AM,2512.1,0,0.0,719540309.7999996
09:26:35 AM,2512.0,0,0.0,719540309.7999996
09:26:36 AM,2512.0,64,160768.0,719701077.7999996
09:26:36 AM,2512.1,0,0.0,719701077.7999996
09:26:36 AM,2512.1,2,5024.2,719706101.9999996
09:26:37 AM,2513.15,682,1713968.3,721420070.2999996
09:26:37 AM,2514.15,0,0.0,721420070.2999996
09:26:37 AM,2514.2,119,299189.8,721719260.0999995
09:26:38 AM,2514.3,93,233829.90000000002,721953089.9999995
09:26:38 AM,2513.25,40,100530.0,722053619.9999995
09:26:38 AM,2513.0,0,0.0,722053619.9999995
09:26:39 AM,2512.35,50,125617.5,722179237.4999995
09:26:39 AM,2512.3,0,0.0,722179237.4999995
09:26:39 AM,2512.3,1,2512.3,722181749.7999995
09:26:40 AM,2513.0,2,5026.0,722186775.7999995
09:26:41 AM,2513.8,2,5027.6,722191803.3999995
09:26:42 AM,2512.15,323,811424.4500000001,723003227.8499995
09:26:43 AM,2511.55,32,80369.6,723083597.4499996
09:26:43 AM,2511.25,0,0.0,723083597.4499996
09:26:43 AM,2511.2,582,1461518.4,724545115.8499995
09:26:44 AM,2511.0,323,811053.0,725356168.8499995
09:26:44 AM,2510.55,0,0.0,725356168.8499995
09:26:44 AM,2510.3,145,363993.5,725720162.3499995
09:26:44 AM,2511.4,0,0.0,725720162.3499995
09:26:45 AM,2511.05,1477,3708820.85,729428983.1999996
09:26:45 AM,2510.8,0,0.0,729428983.1999996
09:26:45 AM,2509.6,182,456747.2,729885730.3999996
09:26:45 AM,2510.95,0,0.0,729885730.3999996
09:26:46 AM,2509.0,984,2468856.0,732354586.3999996
09:26:46 AM,2508.5,0,0.0,732354586.3999996
09:26:46 AM,2507.9,160,401264.0,732755850.3999996
09:26:46 AM,2507.55,0,0.0,732755850.3999996
09:26:47 AM,2507.7,991,2485130.6999999997,735240981.0999997
09:26:47 AM,2507.35,0,0.0,735240981.0999997
09:26:47 AM,2509.65,741,1859650.6500000001,737100631.7499996
09:26:48 AM,2509.95,161,404101.94999999995,737504733.6999997
09:26:48 AM,2510.15,265,665189.75,738169923.4499997
09:26:49 AM,2508.95,267,669889.6499999999,738839813.0999997
09:26:49 AM,2509.6,240,602304.0,739442117.0999997
09:26:49 AM,2509.05,0,0.0,739442117.0999997
09:26:50 AM,2509.1,3,7527.299999999999,739449644.3999996
09:26:50 AM,2509.35,111,278537.85,739728182.2499996
09:26:50 AM,2509.15,0,0.0,739728182.2499996
09:26:51 AM,2509.6,116,291113.6,740019295.8499997
09:26:51 AM,2510.45,0,0.0,740019295.8499997
09:26:51 AM,2510.75,173,434359.75,740453655.5999997
09:26:52 AM,2509.7,0,0.0,740453655.5999997
09:26:52 AM,2509.7,26,65252.2,740518907.7999997
09:26:53 AM,2510.0,38,95380.0,740614287.7999997
09:26:54 AM,2510.05,48,120482.40000000001,740734770.1999997
09:26:54 AM,2510.9,0,0.0,740734770.1999997
09:26:55 AM,2511.15,113,283759.95,741018530.1499997
09:26:55 AM,2511.1,30,75333.0,741093863.1499997
09:26:55 AM,2510.75,0,0.0,741093863.1499997
09:26:56 AM,2511.1,107,268687.7,741362550.8499998
09:26:56 AM,2511.35,0,0.0,741362550.8499998
09:26:56 AM,2511.35,1,2511.35,741365062.1999998
09:26:57 AM,2510.55,6,15063.300000000001,741380125.4999998
09:26:57 AM,2510.45,0,0.0,741380125.4999998
09:26:57 AM,2511.45,64,160732.8,741540858.2999997
09:26:59 AM,2510.45,20,50209.0,741591067.2999997
09:27:01 AM,2510.45,88,220919.59999999998,741811986.8999997
09:27:01 AM,2511.1,0,0.0,741811986.8999997
09:27:01 AM,2511.1,18,45199.799999999996,741857186.6999997
09:27:02 AM,2511.1,5,12555.5,741869742.1999997
09:27:02 AM,2511.1,2,5022.2,741874764.3999997
09:27:03 AM,2511.1,1,2511.1,741877275.4999998
09:27:04 AM,2511.1,105,263665.5,742140940.9999998
09:27:04 AM,2511.95,0,0.0,742140940.9999998
09:27:05 AM,2511.95,10,25119.5,742166060.4999998
09:27:05 AM,2512.15,72,180874.80000000002,742346935.2999997
09:27:05 AM,2511.5,0,0.0,742346935.2999997
09:27:06 AM,2511.55,41,102973.55,742449908.8499997
09:27:06 AM,2512.3,1,2512.3,742452421.1499996
09:27:06 AM,2512.15,0,0.0,742452421.1499996
09:27:06 AM,2511.55,0,0.0,742452421.1499996
09:27:07 AM,2511.55,70,175808.5,742628229.6499996
09:27:07 AM,2512.05,89,223572.45,742851802.0999997
09:27:08 AM,2511.6,7,17581.2,742869383.2999997
09:27:08 AM,2512.1,0,0.0,742869383.2999997
09:27:08 AM,2511.6,0,0.0,742869383.2999997
09:27:09 AM,2512.15,106,266287.9,743135671.1999997
09:27:09 AM,2512.1,0,0.0,743135671.1999997
09:27:09 AM,2511.95,0,0.0,743135671.1999997
09:27:10 AM,2511.95,22,55262.899999999994,743190934.0999997
09:27:10 AM,2511.95,25,62798.74999999999,743253732.8499997
09:27:11 AM,2512.1,0,0.0,743253732.8499997
09:27:11 AM,2511.9,57,143178.30000000002,743396911.1499996
09:27:11 AM,2511.65,0,0.0,743396911.1499996
09:27:11 AM,2511.65,132,331537.8,743728448.9499996
09:27:12 AM,2511.65,396,994613.4,744723062.3499995
09:27:12 AM,2512.1,48,120580.79999999999,744843643.1499995
09:27:13 AM,2511.65,0,0.0,744843643.1499995
09:27:13 AM,2511.65,48,120559.20000000001,744964202.3499995
09:27:13 AM,2511.65,28,70326.2,745034528.5499996
09:27:15 AM,2512.0,0,0.0,745034528.5499996
09:27:15 AM,2512.0,3,7536.0,745042064.5499996
09:27:16 AM,2512.0,5,12560.0,745054624.5499996
09:27:17 AM,2511.65,1,2511.65,745057136.1999996
09:27:18 AM,2512.0,0,0.0,745057136.1999996
09:27:18 AM,2512.0,6,15072.0,745072208.1999996
09:27:18 AM,2512.0,5,12560.0,745084768.1999996
09:27:19 AM,2512.0,2,5024.0,745089792.1999996
09:27:19 AM,2512.0,25,62800.0,745152592.1999996
09:27:20 AM,2512.0,10,25120.0,745177712.1999996
09:27:21 AM,2512.0,170,427040.0,745604752.1999996
09:27:22 AM,2511.55,0,0.0,745604752.1999996
09:27:22 AM,2511.55,59,148181.45,745752933.6499996
09:27:22 AM,2511.55,8,20092.4,745773026.0499996
09:27:23 AM,2512.0,0,0.0,745773026.0499996
09:27:23 AM,2512.0,1,2512.0,745775538.0499996
09:27:23 AM,2512.0,5,12560.0,745788098.0499996
09:27:24 AM,2512.0,48,120576.0,745908674.0499996
09:27:26 AM,2512.0,5,12560.0,745921234.0499996
09:27:27 AM,2512.0,2,5024.0,745926258.0499996
09:27:28 AM,2512.0,17,42704.0,745968962.0499996
09:27:29 AM,2511.5,0,0.0,745968962.0499996
09:27:29 AM,2512.0,0,0.0,745968962.0499996
09:27:29 AM,2512.0,49,123088.0,746092050.0499996
09:27:30 AM,2511.45,0,0.0,746092050.0499996
09:27:30 AM,2511.45,122,306396.89999999997,746398446.9499996
09:27:31 AM,2511.45,54,135618.3,746534065.2499995
09:27:31 AM,2511.15,20,50223.0,746584288.2499995
09:27:32 AM,2511.85,0,0.0,746584288.2499995
09:27:32 AM,2511.85,927,2328484.9499999997,748912773.1999996
09:27:33 AM,2512.0,0,0.0,748912773.1999996
09:27:33 AM,2512.0,100,251200.0,749163973.1999996
09:27:33 AM,2511.95,5,12559.75,749176532.9499996
09:27:34 AM,2510.75,0,0.0,749176532.9499996
09:27:34 AM,2510.5,0,0.0,749176532.9499996
09:27:34 AM,2510.5,166,416743.0,749593275.9499996
09:27:35 AM,2510.4,0,0.0,749593275.9499996
09:27:35 AM,2510.4,27,67780.8,749661056.7499995
09:27:36 AM,2511.1,0,0.0,749661056.7499995
09:27:36 AM,2511.1,68,170754.8,749831811.5499995
09:27:36 AM,2511.1,1,2511.1,749834322.6499995
09:27:37 AM,2510.15,0,0.0,749834322.6499995
09:27:37 AM,2510.15,98,245994.7,750080317.3499995
09:27:37 AM,2510.0,28,70280.0,750150597.3499995
09:27:38 AM,2510.0,18,45180.0,750195777.3499995
09:27:39 AM,2510.85,0,0.0,750195777.3499995
09:27:39 AM,2510.85,12,30130.199999999997,750225907.5499996
09:27:39 AM,2510.85,5,12554.25,750238461.7999996
09:27:41 AM,2510.85,23,57749.549999999996,750296211.3499995
09:27:43 AM,2510.05,0,0.0,750296211.3499995
09:27:43 AM,2510.05,71,178213.55000000002,750474424.8999995
09:27:43 AM,2510.85,0,0.0,750474424.8999995
09:27:44 AM,2513.35,0,0.0,750474424.8999995
09:27:44 AM,2513.15,1700,4272355.0,754746779.8999995
09:27:45 AM,2512.4,4,10049.6,754756829.4999995
09:27:46 AM,2513.1,0,0.0,754756829.4999995
09:27:46 AM,2513.65,303,761635.9500000001,755518465.4499996
09:27:47 AM,2513.75,0,0.0,755518465.4499996
09:27:47 AM,2513.1,6,15078.599999999999,755533544.0499996
09:27:47 AM,2513.0,0,0.0,755533544.0499996
09:27:47 AM,2513.0,3,7539.0,755541083.0499996
09:27:48 AM,2513.0,286,718718.0,756259801.0499996
09:27:49 AM,2513.75,10,25137.5,756284938.5499996
09:27:49 AM,2513.9,0,0.0,756284938.5499996
09:27:50 AM,2513.0,77,193501.0,756478439.5499996
09:27:50 AM,2513.95,0,0.0,756478439.5499996
09:27:50 AM,2513.95,1,2513.95,756480953.4999996
09:27:51 AM,2513.0,121,304073.0,756785026.4999996
09:27:52 AM,2513.75,0,0.0,756785026.4999996
09:27:52 AM,2513.75,126,316732.5,757101758.9999996
09:27:53 AM,2513.9,0,0.0,757101758.9999996
09:27:53 AM,2513.9,6,15083.400000000001,757116842.3999996
09:27:54 AM,2513.75,0,0.0,757116842.3999996
09:27:54 AM,2513.9,66,165917.4,757282759.7999996
09:27:54 AM,2514.35,90,226291.5,757509051.2999996
09:27:55 AM,2514.55,42,105611.1,757614662.3999996
09:27:56 AM,2514.65,0,0.0,757614662.3999996
09:27:56 AM,2514.65,1,2514.65,757617177.0499996
09:27:57 AM,2513.95,62,155864.9,757773041.9499996
09:27:57 AM,2513.15,0,0.0,757773041.9499996
09:27:57 AM,2513.15,1050,2638807.5,760411849.4499996
09:27:58 AM,2514.75,231,580907.25,760992756.6999996
09:27:58 AM,2514.75,5,12573.75,761005330.4499996
09:27:59 AM,2514.65,6,15087.900000000001,761020418.3499995
09:27:59 AM,2514.65,114,286670.10000000003,761307088.4499996
09:28:00 AM,2514.9,0,0.0,761307088.4499996
09:28:00 AM,2514.9,100,251490.0,761558578.4499996
09:28:01 AM,2514.9,18,45268.200000000004,761603846.6499996
09:28:02 AM,2514.75,0,0.0,761603846.6499996
09:28:02 AM,2514.85,0,0.0,761603846.6499996
09:28:02 AM,2514.85,24,60356.399999999994,761664203.0499996
09:28:03 AM,2514.65,0,0.0,761664203.0499996
09:28:03 AM,2514.65,26,65380.9,761729583.9499996
09:28:04 AM,2516.0,0,0.0,761729583.9499996
09:28:04 AM,2516.0,647,1627852.0,763357435.9499996
09:28:05 AM,2515.05,0,0.0,763357435.9499996
09:28:05 AM,2516.0,0,0.0,763357435.9499996
09:28:05 AM,2516.75,167,420297.25,763777733.1999996
09:28:06 AM,2517.0,0,0.0,763777733.1999996
09:28:06 AM,2517.0,17,42789.0,763820522.1999996
09:28:07 AM,2516.25,0,0.0,763820522.1999996
09:28:07 AM,2516.0,0,0.0,763820522.1999996
09:28:07 AM,2517.0,386,971562.0,764792084.1999996
09:28:08 AM,2516.05,0,0.0,764792084.1999996
09:28:08 AM,2516.0,0,0.0,764792084.1999996
09:28:08 AM,2516.0,51,128316.0,764920400.1999996
09:28:08 AM,2517.0,65,163605.0,765084005.1999996
09:28:09 AM,2516.05,0,0.0,765084005.1999996
09:28:09 AM,2516.0,0,0.0,765084005.1999996
09:28:09 AM,2516.0,83,208828.0,765292833.1999996
09:28:10 AM,2515.1,0,0.0,765292833.1999996
09:28:10 AM,2515.1,324,814892.4,766107725.5999995
09:28:11 AM,2515.0,0,0.0,766107725.5999995
09:28:11 AM,2516.0,101,254116.0,766361841.5999995
09:28:11 AM,2516.4,431,1084568.4000000001,767446409.9999995
09:28:11 AM,2516.25,0,0.0,767446409.9999995
09:28:12 AM,2516.0,0,0.0,767446409.9999995
09:28:12 AM,2516.25,104,261690.0,767708099.9999995
09:28:13 AM,2516.0,69,173604.0,767881703.9999995
09:28:13 AM,2516.0,4,10064.0,767891767.9999995
09:28:15 AM,2516.25,15,37743.75,767929511.7499995
09:28:15 AM,2516.25,23,57873.75,767987385.4999995
09:28:16 AM,2516.0,0,0.0,767987385.4999995
09:28:16 AM,2516.0,111,279276.0,768266661.4999995
09:28:17 AM,2516.0,82,206312.0,768472973.4999995
09:28:18 AM,2516.0,137,344692.0,768817665.4999995
09:28:18 AM,2515.9,28,70445.2,768888110.6999996
09:28:19 AM,2515.9,50,125795.0,769013905.6999996
09:28:20 AM,2515.1,0,0.0,769013905.6999996
09:28:20 AM,2515.1,34,85513.4,769099419.0999995
09:28:23 AM,2515.9,0,0.0,769099419.0999995
09:28:23 AM,2515.1,80,201208.0,769300627.0999995
09:28:24 AM,2515.9,20,50318.0,769350945.0999995
09:28:25 AM,2515.1,19,47786.9,769398731.9999995
09:28:26 AM,2517.0,0,0.0,769398731.9999995
09:28:26 AM,2516.15,1058,2662086.7,772060818.6999996
09:28:26 AM,2517.0,0,0.0,772060818.6999996
09:28:26 AM,2517.0,100,251700.0,772312518.6999996
09:28:27 AM,2517.5,0,0.0,772312518.6999996
09:28:27 AM,2516.05,451,1134738.55,773447257.2499995
09:28:28 AM,2516.05,19,47804.950000000004,773495062.1999996
09:28:28 AM,2516.8,0,0.0,773495062.1999996
09:28:28 AM,2516.85,80,201348.0,773696410.1999996
09:28:29 AM,2515.9,237,596268.3,774292678.4999995
09:28:29 AM,2516.05,0,0.0,774292678.4999995
09:28:29 AM,2516.05,8,20128.4,774312806.8999995
09:28:30 AM,2516.5,7,17615.5,774330422.3999995
09:28:30 AM,2516.4,38,95623.2,774426045.5999995
09:28:31 AM,2516.55,42,105695.1,774531740.6999996
09:28:32 AM,2516.65,1,2516.65,774534257.3499995
09:28:32 AM,2516.05,75,188703.75,774722961.0999995
09:28:33 AM,2515.25,0,0.0,774722961.0999995
09:28:33 AM,2516.35,257,646701.95,775369663.0499996
09:28:33 AM,2515.1,0,0.0,775369663.0499996
09:28:33 AM,2515.1,33,82998.3,775452661.3499995
09:28:34 AM,2515.25,65,163491.25,775616152.5999995
09:28:34 AM,2516.2,1,2516.2,775618668.7999996
09:28:35 AM,2515.1,0,0.0,775618668.7999996
09:28:35 AM,2515.2,32,80486.4,775699155.1999996
09:28:36 AM,2516.05,28,70449.40000000001,775769604.5999995
09:28:37 AM,2515.4,0,0.0,775769604.5999995
09:28:37 AM,2516.05,112,281797.60000000003,776051402.1999996
09:28:38 AM,2515.1,87,218813.69999999998,776270215.8999996
09:28:39 AM,2515.15,0,0.0,776270215.8999996
09:28:39 AM,2516.05,17,42772.850000000006,776312988.7499996
09:28:41 AM,2516.05,5,12580.25,776325568.9999996
09:28:41 AM,2516.05,2,5032.1,776330601.0999997
09:28:41 AM,2515.1,0,0.0,776330601.0999997
09:28:42 AM,2515.1,3,7545.299999999999,776338146.3999996
09:28:43 AM,2515.9,0,0.0,776338146.3999996
09:28:43 AM,2515.9,19,47802.1,776385948.4999996
09:28:43 AM,2515.9,4,10063.6,776396012.0999997
09:28:44 AM,2516.05,50,125802.50000000001,776521814.5999997
09:28:45 AM,2515.9,62,155985.80000000002,776677800.3999996
09:28:45 AM,2516.05,102,256637.1,776934437.4999996
09:28:46 AM,2516.05,33,83029.65000000001,777017467.1499996
09:28:46 AM,2516.05,22,55353.100000000006,777072820.2499996
09:28:47 AM,2516.05,2,5032.1,777077852.3499997
09:28:47 AM,2516.05,29,72965.45000000001,777150817.7999997
09:28:48 AM,2516.05,2,5032.1,777155849.8999997
09:28:48 AM,2516.05,84,211348.2,777367198.0999998
09:28:49 AM,2516.05,2,5032.1,777372230.1999998
09:28:49 AM,2516.05,67,168575.35,777540805.5499998
09:28:50 AM,2516.05,2,5032.1,777545837.6499999
09:28:50 AM,2516.05,8,20128.4,777565966.0499998
09:28:51 AM,2516.05,417,1049192.85,778615158.8999999
09:28:51 AM,2516.6,270,679482.0,779294640.8999999
09:28:52 AM,2516.9,0,0.0,779294640.8999999
09:28:52 AM,2516.15,252,634069.8,779928710.6999998
09:28:53 AM,2516.1,0,0.0,779928710.6999998
09:28:53 AM,2516.9,107,269308.3,780198018.9999998
09:28:53 AM,2516.15,268,674328.2000000001,780872347.1999998
09:28:54 AM,2516.9,389,979074.1000000001,781851421.2999998
09:28:55 AM,2517.55,2,5035.1,781856456.3999999
09:28:55 AM,2517.85,10,25178.5,781881634.8999999
09:28:56 AM,2516.8,0,0.0,781881634.8999999
09:28:56 AM,2517.8,65,163657.0,782045291.8999999
09:28:57 AM,2516.65,23,57882.950000000004,782103174.8499999
09:28:57 AM,2517.6,48,120844.79999999999,782224019.6499999
09:28:58 AM,2517.75,82,206455.5,782430475.1499999
09:28:58 AM,2518.0,192,483456.0,782913931.1499999
09:28:59 AM,2518.35,51,128435.84999999999,783042366.9999999
09:28:59 AM,2518.55,4,10074.2,783052441.1999999
09:29:00 AM,2518.65,0,0.0,783052441.1999999
09:29:00 AM,2517.6,90,226584.0,783279025.1999999
09:29:01 AM,2518.7,132,332468.39999999997,783611493.5999999
09:29:02 AM,2518.55,34,85630.70000000001,783697124.3
09:29:03 AM,2518.0,2,5036.0,783702160.3
09:29:04 AM,2518.0,102,256836.0,783958996.3
09:29:05 AM,2518.0,374,941732.0,784900728.3
09:29:06 AM,2518.0,30,75540.0,784976268.3
09:29:07 AM,2518.55,118,297188.9,785273457.1999999
09:29:07 AM,2518.55,64,161187.2,785434644.4
09:29:08 AM,2518.1,395,994649.5,786429293.9
09:29:09 AM,2518.1,2,5036.2,786434330.1
09:29:10 AM,2517.45,0,0.0,786434330.1
09:29:10 AM,2518.1,44,110796.4,786545126.5
09:29:10 AM,2518.0,2,5036.0,786550162.5
09:29:11 AM,2518.1,12,30217.199999999997,786580379.7
09:29:12 AM,2518.0,26,65468.0,786645847.7
09:29:12 AM,2518.1,25,62952.5,786708800.2
09:29:13 AM,2517.1,0,0.0,786708800.2
09:29:13 AM,2518.1,61,153604.1,786862404.3000001
09:29:13 AM,2517.15,40,100686.0,786963090.3000001
09:29:14 AM,2518.1,0,0.0,786963090.3000001
09:29:14 AM,2517.15,37,93134.55,787056224.85
09:29:15 AM,2517.5,250,629375.0,787685599.85
09:29:16 AM,2517.45,0,0.0,787685599.85
09:29:16 AM,2517.9,106,266897.4,787952497.25
09:29:17 AM,2517.15,35,88100.25,788040597.5
09:29:18 AM,2517.45,428,1077468.5999999999,789118066.1
09:29:18 AM,2516.65,35,88082.75,789206148.85
09:29:19 AM,2517.45,6,15104.699999999999,789221253.5500001
09:29:20 AM,2517.8,200,503560.00000000006,789724813.5500001
09:29:21 AM,2516.65,0,0.0,789724813.5500001
09:29:21 AM,2517.45,235,591600.75,790316414.3000001
09:29:21 AM,2517.6,128,322252.8,790638667.1
09:29:22 AM,2516.75,0,0.0,790638667.1
09:29:22 AM,2517.15,615,1548047.25,792186714.35
09:29:23 AM,2517.4,6,15104.400000000001,792201818.75
09:29:24 AM,2516.55,150,377482.5,792579301.25
09:29:25 AM,2517.05,114,286943.7,792866244.95
09:29:26 AM,2517.0,0,0.0,792866244.95
09:29:26 AM,2517.0,3,7551.0,792873795.95
09:29:27 AM,2516.55,0,0.0,792873795.95
09:29:27 AM,2517.0,0,0.0,792873795.95
09:29:27 AM,2517.0,15,37755.0,792911550.95
09:29:29 AM,2516.6,0,0.0,792911550.95
09:29:29 AM,2516.0,0,0.0,792911550.95
09:29:29 AM,2516.0,155,389980.0,793301530.95
09:29:30 AM,2516.3,0,0.0,793301530.95
09:29:30 AM,2516.0,0,0.0,793301530.95
09:29:30 AM,2516.0,97,244052.0,793545582.95
09:29:31 AM,2516.0,76,191216.0,793736798.95
09:29:32 AM,2516.0,13,32708.0,793769506.95
09:29:33 AM,2516.3,0,0.0,793769506.95
09:29:33 AM,2516.3,23,57874.9,793827381.85
09:29:34 AM,2515.25,0,0.0,793827381.85
09:29:34 AM,2515.25,64,160976.0,793988357.85
09:29:35 AM,2516.0,0,0.0,793988357.85
09:29:35 AM,2516.25,27,67938.75,794056296.6
09:29:36 AM,2516.0,0,0.0,794056296.6
09:29:36 AM,2516.0,6,15096.0,794071392.6
09:29:38 AM,2516.0,25,62900.0,794134292.6
09:29:39 AM,2516.25,0,0.0,794134292.6
09:29:39 AM,2516.25,4,10065.0,794144357.6
09:29:40 AM,2516.5,288,724752.0,794869109.6
09:29:40 AM,2516.25,0,0.0,794869109.6
