date,price,qty,trnvr,cum_trnvr
09:15:02 AM,1258.0,255722,321698276.0,321698276.0
09:15:03 AM,1257.65,0,0.0,321698276.0
09:15:03 AM,1256.75,0,0.0,321698276.0
09:15:05 AM,1254.25,0,0.0,321698276.0
09:15:07 AM,1255.85,0,0.0,321698276.0
09:15:08 AM,1255.5,0,0.0,321698276.0
09:15:08 AM,1255.5,51779,65008534.5,386706810.5
09:15:09 AM,1256.8,0,0.0,386706810.5
09:15:09 AM,1256.4,0,0.0,386706810.5
09:15:12 AM,1257.3,0,0.0,386706810.5
09:15:12 AM,1257.3,10090,12686157.0,399392967.5
09:15:14 AM,1258.85,0,0.0,399392967.5
09:15:14 AM,1259.15,0,0.0,399392967.5
09:15:16 AM,1260.05,0,0.0,399392967.5
09:15:16 AM,1259.8,43449,54737050.199999996,454130017.7
09:15:17 AM,1259.65,0,0.0,454130017.7
09:15:18 AM,1260.6,0,0.0,454130017.7
09:15:19 AM,1259.25,0,0.0,454130017.7
09:15:20 AM,1255.8,0,0.0,454130017.7
09:15:20 AM,1256.85,31981,40195319.849999994,494325337.54999995
09:15:20 AM,1257.45,0,0.0,494325337.54999995
09:15:21 AM,1256.25,0,0.0,494325337.54999995
09:15:23 AM,1256.0,0,0.0,494325337.54999995
09:15:23 AM,1256.5,0,0.0,494325337.54999995
09:15:23 AM,1257.25,9962,12524724.5,506850062.04999995
09:15:24 AM,1257.7,0,0.0,506850062.04999995
09:15:24 AM,1257.75,0,0.0,506850062.04999995
09:15:25 AM,1257.85,0,0.0,506850062.04999995
09:15:27 AM,1257.4,9449,11881172.600000001,518731234.65
09:15:28 AM,1258.75,0,0.0,518731234.65
09:15:28 AM,1258.8,0,0.0,518731234.65
09:15:29 AM,1259.8,0,0.0,518731234.65
09:15:29 AM,1259.1,0,0.0,518731234.65
09:15:30 AM,1259.35,4056,5107923.6,523839158.25
09:15:30 AM,1261.1,0,0.0,523839158.25
09:15:31 AM,1259.55,0,0.0,523839158.25
09:15:33 AM,1257.75,0,0.0,523839158.25
09:15:33 AM,1258.6,0,0.0,523839158.25
09:15:33 AM,1258.6,17098,21519542.799999997,545358701.05
09:15:34 AM,1258.05,0,0.0,545358701.05
09:15:35 AM,1256.95,0,0.0,545358701.05
09:15:36 AM,1257.8,15065,18948757.0,564307458.05
09:15:37 AM,1257.2,0,0.0,564307458.05
09:15:38 AM,1256.35,0,0.0,564307458.05
09:15:39 AM,1256.85,0,0.0,564307458.05
09:15:39 AM,1257.65,0,0.0,564307458.05
09:15:39 AM,1256.4,15350,19285740.0,583593198.05
09:15:40 AM,1256.75,0,0.0,583593198.05
09:15:41 AM,1257.5,0,0.0,583593198.05
09:15:41 AM,1256.4,0,0.0,583593198.05
09:15:42 AM,1257.65,5167,6498277.550000001,590091475.5999999
09:15:43 AM,1257.45,0,0.0,590091475.5999999
09:15:43 AM,1257.65,0,0.0,590091475.5999999
09:15:44 AM,1257.7,0,0.0,590091475.5999999
09:15:45 AM,1257.05,3111,3910682.55,594002158.1499999
09:15:45 AM,1257.6,0,0.0,594002158.1499999
09:15:47 AM,1257.8,0,0.0,594002158.1499999
09:15:48 AM,1257.45,0,0.0,594002158.1499999
09:15:48 AM,1257.45,11490,14448100.5,608450258.6499999
09:15:51 AM,1257.25,0,0.0,608450258.6499999
09:15:52 AM,1256.55,5866,7370922.3,615821180.9499998
09:15:53 AM,1256.85,0,0.0,615821180.9499998
09:15:54 AM,1256.85,3391,4261978.35,620083159.2999998
09:15:54 AM,1256.35,0,0.0,620083159.2999998
09:15:56 AM,1256.0,0,0.0,620083159.2999998
09:15:57 AM,1256.3,0,0.0,620083159.2999998
09:15:57 AM,1256.85,0,0.0,620083159.2999998
09:15:57 AM,1257.45,219760,276337212.0,896420371.2999998
09:15:58 AM,1257.0,0,0.0,896420371.2999998
09:16:00 AM,1257.2,0,0.0,896420371.2999998
09:16:00 AM,1257.55,5881,7395651.55,903816022.8499998
09:16:01 AM,1257.8,0,0.0,903816022.8499998
09:16:03 AM,1257.8,125067,157309272.6,1061125295.4499998
09:16:04 AM,1258.1,0,0.0,1061125295.4499998
09:16:05 AM,1257.9,0,0.0,1061125295.4499998
09:16:06 AM,1257.8,51383,64629537.4,1125754832.85
09:16:06 AM,1257.85,0,0.0,1125754832.85
09:16:08 AM,1258.15,0,0.0,1125754832.85
09:16:08 AM,1258.2,0,0.0,1125754832.85
09:16:09 AM,1258.2,11583,14573730.6,1140328563.4499998
09:16:09 AM,1258.15,0,0.0,1140328563.4499998
09:16:10 AM,1258.05,0,0.0,1140328563.4499998
09:16:11 AM,1258.05,595,748539.75,1141077103.1999998
09:16:12 AM,1258.05,635,798861.75,1141875964.9499998
09:16:12 AM,1258.05,1,1258.05,1141877222.9999998
09:16:13 AM,1258.05,1073,1349887.65,1143227110.6499999
09:16:13 AM,1258.05,1338,1683270.9,1144910381.55
09:16:14 AM,1257.5,0,0.0,1144910381.55
09:16:14 AM,1257.95,0,0.0,1144910381.55
09:16:14 AM,1257.95,510,641554.5,1145551936.05
09:16:15 AM,1257.95,409,514501.55000000005,1146066437.6
09:16:16 AM,1257.1,2000,2514200.0,1148580637.6
09:16:16 AM,1257.5,0,0.0,1148580637.6
09:16:16 AM,1257.5,289,363417.5,1148944055.1
09:16:17 AM,1257.1,408,512896.8,1149456951.8999999
09:16:17 AM,1257.05,0,0.0,1149456951.8999999
09:16:17 AM,1257.15,0,0.0,1149456951.8999999
09:16:17 AM,1257.15,2182,2743101.3000000003,1152200053.1999998
09:16:18 AM,1257.4,130,163462.0,1152363515.1999998
09:16:18 AM,1257.5,0,0.0,1152363515.1999998
09:16:18 AM,1257.45,296,372205.2,1152735720.3999999
09:16:19 AM,1257.45,3,3772.3500000000004,1152739492.7499998
09:16:19 AM,1257.45,25,31436.25,1152770928.9999998
09:16:20 AM,1257.05,0,0.0,1152770928.9999998
09:16:20 AM,1257.0,0,0.0,1152770928.9999998
09:16:20 AM,1257.3,3159,3971810.6999999997,1156742739.6999998
09:16:21 AM,1257.0,1549,1947093.0,1158689832.6999998
09:16:21 AM,1257.4,0,0.0,1158689832.6999998
09:16:21 AM,1257.5,469,589767.5,1159279600.1999998
09:16:22 AM,1257.55,238,299296.89999999997,1159578897.1
09:16:22 AM,1257.35,0,0.0,1159578897.1
09:16:22 AM,1257.35,135,169742.25,1159748639.35
09:16:23 AM,1257.3,1454,1828114.2,1161576753.55
09:16:23 AM,1257.3,3605,4532566.5,1166109320.05
09:16:24 AM,1257.75,104,130806.0,1166240126.05
09:16:24 AM,1257.75,22,27670.5,1166267796.55
09:16:25 AM,1257.9,214,269190.60000000003,1166536987.1499999
09:16:25 AM,1257.7,0,0.0,1166536987.1499999
09:16:25 AM,1257.95,0,0.0,1166536987.1499999
09:16:25 AM,1257.95,12039,15144460.05,1181681447.1999998
09:16:26 AM,1258.5,170,213945.0,1181895392.1999998
09:16:26 AM,1258.45,0,0.0,1181895392.1999998
09:16:26 AM,1258.45,188,236588.6,1182131980.7999997
09:16:28 AM,1258.8,0,0.0,1182131980.7999997
09:16:28 AM,1258.8,80,100704.0,1182232684.7999997
09:16:29 AM,1258.8,162,203925.6,1182436610.3999996
09:16:30 AM,1258.65,51,64191.15,1182500801.5499997
09:16:30 AM,1258.6,0,0.0,1182500801.5499997
09:16:30 AM,1258.55,139,174938.44999999998,1182675739.9999998
09:16:32 AM,1258.9,386,485935.4,1183161675.3999999
09:16:32 AM,1258.85,0,0.0,1183161675.3999999
09:16:32 AM,1258.95,0,0.0,1183161675.3999999
09:16:32 AM,1258.95,176,221575.2,1183383250.6
09:16:33 AM,1259.25,919,1157250.75,1184540501.35
09:16:33 AM,1258.85,0,0.0,1184540501.35
09:16:33 AM,1259.2,0,0.0,1184540501.35
09:16:33 AM,1259.2,361,454571.2,1184995072.55
09:16:34 AM,1258.8,0,0.0,1184995072.55
09:16:34 AM,1258.85,0,0.0,1184995072.55
09:16:34 AM,1258.85,3558,4478988.3,1189474060.85
09:16:35 AM,1258.45,321,403962.45,1189878023.3
09:16:35 AM,1258.3,0,0.0,1189878023.3
09:16:35 AM,1258.3,477,600209.1,1190478232.3999999
09:16:36 AM,1258.3,69,86822.7,1190565055.1
09:16:36 AM,1258.35,0,0.0,1190565055.1
09:16:36 AM,1258.45,0,0.0,1190565055.1
09:16:36 AM,1258.45,736,926219.2000000001,1191491274.3
09:16:37 AM,1258.65,643,809311.9500000001,1192300586.25
09:16:37 AM,1259.05,0,0.0,1192300586.25
09:16:37 AM,1258.65,229,288230.85000000003,1192588817.1
09:16:38 AM,1258.6,20,25172.0,1192613989.1
09:16:38 AM,1258.55,0,0.0,1192613989.1
09:16:38 AM,1259.05,0,0.0,1192613989.1
09:16:38 AM,1259.05,76,95687.8,1192709676.8999999
09:16:39 AM,1259.15,1,1259.15,1192710936.05
09:16:39 AM,1259.65,0,0.0,1192710936.05
09:16:39 AM,1259.2,0,0.0,1192710936.05
09:16:39 AM,1259.2,2364,2976748.8000000003,1195687684.85
09:16:40 AM,1259.2,11,13851.2,1195701536.05
09:16:40 AM,1259.8,308,388018.39999999997,1196089554.45
09:16:41 AM,1260.15,563,709464.4500000001,1196799018.9
09:16:41 AM,1260.0,0,0.0,1196799018.9
09:16:41 AM,1260.0,514,647640.0,1197446658.9
09:16:42 AM,1260.35,0,0.0,1197446658.9
09:16:42 AM,1260.35,765,964167.7499999999,1198410826.65
09:16:43 AM,1260.1,4,5040.4,1198415867.0500002
09:16:43 AM,1260.15,0,0.0,1198415867.0500002
09:16:43 AM,1260.5,0,0.0,1198415867.0500002
09:16:43 AM,1260.4,616,776406.4,1199192273.4500003
09:16:44 AM,1260.35,21,26467.35,1199218740.8000002
09:16:44 AM,1260.2,0,0.0,1199218740.8000002
09:16:44 AM,1260.55,0,0.0,1199218740.8000002
09:16:44 AM,1260.55,106,133618.3,1199352359.1000001
09:16:45 AM,1260.3,0,0.0,1199352359.1000001
09:16:45 AM,1260.35,160,201656.0,1199554015.1000001
09:16:46 AM,1260.05,6,7560.299999999999,1199561575.4
09:16:46 AM,1260.45,0,0.0,1199561575.4
09:16:46 AM,1260.45,15,18906.75,1199580482.15
09:16:47 AM,1259.75,0,0.0,1199580482.15
09:16:47 AM,1259.95,0,0.0,1199580482.15
09:16:47 AM,1260.1,1926,2426952.5999999996,1202007434.75
09:16:49 AM,1260.0,54,68040.0,1202075474.75
09:16:49 AM,1260.1,0,0.0,1202075474.75
09:16:49 AM,1259.75,0,0.0,1202075474.75
09:16:49 AM,1259.75,1105,1392023.75,1203467498.5
09:16:50 AM,1259.75,7,8818.25,1203476316.75
09:16:50 AM,1260.1,0,0.0,1203476316.75
09:16:50 AM,1260.1,370,466236.99999999994,1203942553.75
09:16:51 AM,1259.8,0,0.0,1203942553.75
09:16:51 AM,1260.2,0,0.0,1203942553.75
09:16:51 AM,1260.2,1130,1424026.0,1205366579.75
09:16:52 AM,1260.05,212,267130.6,1205633710.35
09:16:52 AM,1260.85,0,0.0,1205633710.35
09:16:52 AM,1261.0,0,0.0,1205633710.35
09:16:52 AM,1261.0,989,1247129.0,1206880839.35
09:16:53 AM,1260.75,0,0.0,1206880839.35
09:16:53 AM,1261.45,0,0.0,1206880839.35
09:16:53 AM,1261.05,481,606565.0499999999,1207487404.3999999
09:16:54 AM,1260.95,100,126095.0,1207613499.3999999
09:16:54 AM,1261.45,0,0.0,1207613499.3999999
09:16:54 AM,1261.45,662,835079.9,1208448579.3
09:16:55 AM,1261.45,448,565129.6,1209013708.8999999
09:16:55 AM,1260.95,0,0.0,1209013708.8999999
09:16:55 AM,1260.95,200,252190.0,1209265898.8999999
09:16:56 AM,1260.95,3,3782.8500000000004,1209269681.7499998
09:16:56 AM,1261.25,0,0.0,1209269681.7499998
09:16:56 AM,1261.2,0,0.0,1209269681.7499998
09:16:56 AM,1261.2,52,65582.40000000001,1209335264.1499999
09:16:57 AM,1261.3,50,63065.0,1209398329.1499999
09:16:57 AM,1261.35,0,0.0,1209398329.1499999
09:16:57 AM,1261.35,325,409938.74999999994,1209808267.8999999
09:16:58 AM,1261.35,50,63067.49999999999,1209871335.3999999
09:16:58 AM,1261.4,0,0.0,1209871335.3999999
09:16:58 AM,1261.4,500,630700.0,1210502035.3999999
09:16:59 AM,1261.4,17,21443.800000000003,1210523479.1999998
09:17:00 AM,1261.35,121,152623.34999999998,1210676102.5499997
09:17:00 AM,1260.85,0,0.0,1210676102.5499997
09:17:00 AM,1260.95,0,0.0,1210676102.5499997
09:17:00 AM,1260.55,3408,4295954.399999999,1214972056.9499998
09:17:01 AM,1260.45,75,94533.75,1215066590.6999998
09:17:01 AM,1260.7,1,1260.7,1215067851.3999999
09:17:02 AM,1259.9,1108,1395969.2000000002,1216463820.6
09:17:02 AM,1260.6,25,31514.999999999996,1216495335.6
09:17:03 AM,1260.6,75,94545.0,1216589880.6
09:17:04 AM,1260.55,28,35295.4,1216625176.0
09:17:04 AM,1260.0,0,0.0,1216625176.0
09:17:04 AM,1260.4,0,0.0,1216625176.0
09:17:04 AM,1260.4,307,386942.80000000005,1217012118.8
09:17:05 AM,1260.45,201,253350.45,1217265469.25
09:17:05 AM,1260.0,0,0.0,1217265469.25
09:17:05 AM,1260.65,0,0.0,1217265469.25
09:17:05 AM,1260.65,1297,1635063.05,1218900532.3
09:17:06 AM,1261.15,384,484281.60000000003,1219384813.8999999
09:17:06 AM,1261.3,0,0.0,1219384813.8999999
09:17:06 AM,1261.6,0,0.0,1219384813.8999999
09:17:06 AM,1261.6,2173,2741456.8,1222126270.6999998
09:17:07 AM,1261.15,300,378345.0,1222504615.6999998
09:17:07 AM,1261.75,0,0.0,1222504615.6999998
09:17:07 AM,1261.9,0,0.0,1222504615.6999998
09:17:07 AM,1261.75,3352,4229386.0,1226734001.6999998
09:17:08 AM,1261.8,0,0.0,1226734001.6999998
09:17:08 AM,1261.8,2,2523.6,1226736525.2999997
09:17:10 AM,1261.65,0,0.0,1226736525.2999997
09:17:10 AM,1262.2,720,908784.0,1227645309.2999997
09:17:10 AM,1262.65,3452,4358667.800000001,1232003977.0999997
09:17:12 AM,1262.9,707,892870.3,1232896847.3999996
09:17:12 AM,1262.65,2,2525.3,1232899372.6999996
09:17:12 AM,1262.9,0,0.0,1232899372.6999996
09:17:13 AM,1263.0,4013,5068419.0,1237967791.6999996
09:17:13 AM,1262.75,455,574551.25,1238542342.9499996
09:17:13 AM,1263.3,0,0.0,1238542342.9499996
09:17:13 AM,1262.9,0,0.0,1238542342.9499996
09:17:14 AM,1263.25,2831,3576260.75,1242118603.6999996
09:17:14 AM,1263.65,10,12636.5,1242131240.1999996
09:17:14 AM,1263.05,0,0.0,1242131240.1999996
09:17:14 AM,1263.7,0,0.0,1242131240.1999996
09:17:15 AM,1264.15,17310,21882436.5,1264013676.6999996
09:17:15 AM,1264.75,4,5059.0,1264018735.6999996
09:17:15 AM,1264.05,0,0.0,1264018735.6999996
09:17:15 AM,1264.6,0,0.0,1264018735.6999996
09:17:16 AM,1264.15,13162,16638742.3,1280657477.9999995
09:17:16 AM,1264.6,0,0.0,1280657477.9999995
09:17:17 AM,1263.85,426,538400.1,1281195878.0999994
09:17:17 AM,1264.8,0,0.0,1281195878.0999994
09:17:17 AM,1264.05,0,0.0,1281195878.0999994
09:17:18 AM,1264.5,7709,9748030.5,1290943908.5999994
09:17:18 AM,1264.35,0,0.0,1290943908.5999994
09:17:19 AM,1264.45,850,1074782.5,1292018691.0999994
09:17:20 AM,1264.45,180,227601.0,1292246292.0999994
09:17:21 AM,1264.35,334,422292.89999999997,1292668584.9999995
09:17:21 AM,1264.75,100,126475.0,1292795059.9999995
09:17:21 AM,1264.85,0,0.0,1292795059.9999995
09:17:22 AM,1265.0,79,99935.0,1292894994.9999995
09:17:22 AM,1264.5,0,0.0,1292894994.9999995
09:17:23 AM,1264.3,2053,2595607.9,1295490602.8999996
09:17:23 AM,1264.5,0,0.0,1295490602.8999996
09:17:23 AM,1264.45,0,0.0,1295490602.8999996
09:17:24 AM,1264.4,900,1137960.0,1296628562.8999996
09:17:24 AM,1264.0,118,149152.0,1296777714.8999996
09:17:24 AM,1264.05,0,0.0,1296777714.8999996
09:17:25 AM,1264.3,194,245274.19999999998,1297022989.0999997
09:17:25 AM,1264.95,0,0.0,1297022989.0999997
09:17:26 AM,1264.15,3647,4610355.050000001,1301633344.1499996
09:17:26 AM,1264.4,0,0.0,1301633344.1499996
09:17:27 AM,1264.4,229,289547.60000000003,1301922891.7499995
09:17:27 AM,1264.5,0,0.0,1301922891.7499995
09:17:28 AM,1264.7,237,299733.9,1302222625.6499996
09:17:28 AM,1264.85,0,0.0,1302222625.6499996
09:17:28 AM,1264.25,0,0.0,1302222625.6499996
09:17:29 AM,1264.4,896,1132902.4000000001,1303355528.0499997
09:17:29 AM,1264.2,0,0.0,1303355528.0499997
09:17:29 AM,1264.3,0,0.0,1303355528.0499997
09:17:30 AM,1264.4,107,135290.80000000002,1303490818.8499997
09:17:30 AM,1265.35,1834,2320651.9,1305811470.7499998
09:17:30 AM,1264.9,0,0.0,1305811470.7499998
09:17:31 AM,1265.2,2308,2920081.6,1308731552.3499997
09:17:31 AM,1264.75,0,0.0,1308731552.3499997
09:17:32 AM,1264.75,62,78414.5,1308809966.8499997
09:17:32 AM,1264.7,172,217528.4,1309027495.2499998
09:17:32 AM,1265.1,0,0.0,1309027495.2499998
09:17:33 AM,1264.9,315,398443.5,1309425938.7499998
09:17:33 AM,1265.2,0,0.0,1309425938.7499998
09:17:34 AM,1264.7,37,46793.9,1309472732.6499999
09:17:34 AM,1264.7,584,738584.8,1310211317.4499998
09:17:34 AM,1264.65,0,0.0,1310211317.4499998
09:17:35 AM,1265.05,476,602163.7999999999,1310813481.2499998
09:17:35 AM,1265.0,0,0.0,1310813481.2499998
09:17:36 AM,1265.05,483,611019.15,1311424500.3999999
09:17:36 AM,1264.6,0,0.0,1311424500.3999999
09:17:36 AM,1265.1,0,0.0,1311424500.3999999
09:17:37 AM,1265.05,2773,3507983.65,1314932484.05
09:17:37 AM,1265.1,0,0.0,1314932484.05
09:17:37 AM,1264.75,0,0.0,1314932484.05
09:17:38 AM,1264.7,313,395851.10000000003,1315328335.1499999
09:17:38 AM,1265.0,0,0.0,1315328335.1499999
09:17:39 AM,1264.7,31,39205.700000000004,1315367540.85
09:17:39 AM,1264.7,50,63235.0,1315430775.85
09:17:39 AM,1265.1,0,0.0,1315430775.85
09:17:40 AM,1265.1,1006,1272690.5999999999,1316703466.4499998
09:17:41 AM,1265.0,50,63250.0,1316766716.4499998
09:17:42 AM,1265.95,6816,8628715.200000001,1325395431.6499999
09:17:42 AM,1265.3,51,64530.299999999996,1325459961.9499998
09:17:42 AM,1265.8,0,0.0,1325459961.9499998
09:17:43 AM,1266.05,1253,1586360.65,1327046322.6
09:17:43 AM,1266.2,0,0.0,1327046322.6
09:17:44 AM,1266.1,3711,4698497.1,1331744819.6999998
09:17:44 AM,1265.5,0,0.0,1331744819.6999998
09:17:45 AM,1266.15,201,254496.15000000002,1331999315.85
09:17:45 AM,1265.7,545,689806.5,1332689122.35
09:17:45 AM,1265.95,0,0.0,1332689122.35
09:17:46 AM,1266.2,1402,1775212.4000000001,1334464334.75
09:17:46 AM,1265.95,0,0.0,1334464334.75
09:17:46 AM,1265.75,0,0.0,1334464334.75
09:17:47 AM,1266.2,503,636898.6,1335101233.35
09:17:48 AM,1266.2,1527,1933487.4000000001,1337034720.75
09:17:48 AM,1266.15,0,0.0,1337034720.75
09:17:49 AM,1266.0,469,593754.0,1337628474.75
09:17:49 AM,1265.55,0,0.0,1337628474.75
09:17:50 AM,1265.9,453,573452.7000000001,1338201927.45
09:17:50 AM,1265.45,1109,1403384.05,1339605311.5
09:17:51 AM,1265.4,7,8857.800000000001,1339614169.3
09:17:52 AM,1265.4,4,5061.6,1339619230.8999999
09:17:52 AM,1265.15,508,642696.2000000001,1340261927.1
09:17:52 AM,1265.6,0,0.0,1340261927.1
09:17:52 AM,1265.15,0,0.0,1340261927.1
09:17:53 AM,1265.15,1256,1589028.4000000001,1341850955.5
09:17:54 AM,1265.05,143,180902.15,1342031857.65
09:17:55 AM,1265.0,266,336490.0,1342368347.65
09:17:56 AM,1265.05,181,228974.05,1342597321.7
09:17:56 AM,1265.1,817,1033586.7,1343630908.4
09:17:57 AM,1265.1,397,502244.69999999995,1344133153.1000001
09:17:57 AM,1265.0,50,63250.0,1344196403.1000001
09:17:57 AM,1265.2,0,0.0,1344196403.1000001
09:17:57 AM,1264.7,0,0.0,1344196403.1000001
09:17:58 AM,1265.3,869,1099545.7,1345295948.8000002
09:17:58 AM,1264.95,0,0.0,1345295948.8000002
09:17:58 AM,1264.85,0,0.0,1345295948.8000002
09:17:59 AM,1265.35,330,417565.49999999994,1345713514.3000002
09:17:59 AM,1265.35,23,29103.05,1345742617.3500001
09:18:00 AM,1264.85,624,789266.3999999999,1346531883.7500002
09:18:00 AM,1264.9,956,1209244.4000000001,1347741128.1500003
09:18:00 AM,1264.2,0,0.0,1347741128.1500003
09:18:00 AM,1264.75,0,0.0,1347741128.1500003
09:18:01 AM,1264.45,996,1259392.2,1349000520.3500004
09:18:02 AM,1264.75,811,1025712.25,1350026232.6000004
09:18:02 AM,1265.35,0,0.0,1350026232.6000004
09:18:02 AM,1265.45,0,0.0,1350026232.6000004
09:18:03 AM,1264.95,696,880405.2000000001,1350906637.8000004
09:18:04 AM,1265.1,672,850147.2,1351756785.0000005
09:18:04 AM,1265.35,0,0.0,1351756785.0000005
09:18:05 AM,1265.35,22,27837.699999999997,1351784622.7000005
09:18:05 AM,1264.95,250,316237.5,1352100860.2000005
09:18:05 AM,1265.45,0,0.0,1352100860.2000005
09:18:06 AM,1265.05,584,738789.2,1352839649.4000006
09:18:07 AM,1265.0,157,198605.0,1353038254.4000006
09:18:07 AM,1265.1,324,409892.39999999997,1353448146.8000007
09:18:07 AM,1265.3,0,0.0,1353448146.8000007
09:18:08 AM,1264.85,299,378190.14999999997,1353826336.9500008
09:18:09 AM,1265.2,100,126520.0,1353952856.9500008
09:18:09 AM,1264.85,0,0.0,1353952856.9500008
09:18:09 AM,1265.25,0,0.0,1353952856.9500008
09:18:10 AM,1265.55,1166,1475631.3,1355428488.2500007
09:18:11 AM,1265.05,0,0.0,1355428488.2500007
09:18:11 AM,1265.4,0,0.0,1355428488.2500007
09:18:11 AM,1265.4,413,522610.2,1355951098.4500008
09:18:12 AM,1266.0,1574,1992684.0,1357943782.4500008
09:18:12 AM,1265.4,0,0.0,1357943782.4500008
09:18:12 AM,1265.4,238,301165.2,1358244947.6500008
09:18:13 AM,1265.6,0,0.0,1358244947.6500008
09:18:13 AM,1265.6,2,2531.2,1358247478.8500009
09:18:14 AM,1265.6,100,126559.99999999999,1358374038.8500009
09:18:14 AM,1265.6,5,6328.0,1358380366.8500009
09:18:15 AM,1265.6,241,305009.6,1358685376.4500008
09:18:16 AM,1265.6,94,118966.4,1358804342.8500009
09:18:16 AM,1265.7,0,0.0,1358804342.8500009
09:18:16 AM,1265.65,0,0.0,1358804342.8500009
09:18:16 AM,1265.65,127,160737.55000000002,1358965080.4000008
09:18:17 AM,1265.85,115,145572.75,1359110653.1500008
09:18:17 AM,1265.7,0,0.0,1359110653.1500008
09:18:17 AM,1265.7,248,313893.60000000003,1359424546.7500007
09:18:18 AM,1266.0,1072,1357152.0,1360781698.7500007
09:18:18 AM,1265.85,1862,2357012.6999999997,1363138711.4500008
09:18:18 AM,1266.2,0,0.0,1363138711.4500008
09:18:18 AM,1266.05,0,0.0,1363138711.4500008
09:18:18 AM,1266.05,583,738107.15,1363876818.6000009
09:18:20 AM,1266.4,0,0.0,1363876818.6000009
09:18:20 AM,1266.25,31,39253.75,1363916072.3500009
09:18:20 AM,1266.9,0,0.0,1363916072.3500009
09:18:20 AM,1266.9,193,244511.7,1364160584.050001
09:18:21 AM,1266.6,51,64596.6,1364225180.6500008
09:18:21 AM,1266.55,0,0.0,1364225180.6500008
09:18:21 AM,1266.5,23,29129.5,1364254310.1500008
09:18:22 AM,1266.9,789,999584.1000000001,1365253894.2500007
09:18:22 AM,1266.7,0,0.0,1365253894.2500007
09:18:22 AM,1266.9,0,0.0,1365253894.2500007
09:18:22 AM,1266.9,123,155828.7,1365409722.9500008
09:18:23 AM,1266.7,45,57001.5,1365466724.4500008
09:18:23 AM,1267.0,0,0.0,1365466724.4500008
09:18:23 AM,1267.0,860,1089620.0,1366556344.4500008
09:18:24 AM,1266.7,595,753686.5,1367310030.9500008
09:18:24 AM,1266.85,0,0.0,1367310030.9500008
09:18:24 AM,1267.25,71,89974.75,1367400005.7000008
09:18:25 AM,1266.9,292,369934.80000000005,1367769940.5000007
09:18:25 AM,1267.1,0,0.0,1367769940.5000007
09:18:25 AM,1267.1,443,561325.2999999999,1368331265.8000007
09:18:26 AM,1266.75,10,12667.5,1368343933.3000007
09:18:26 AM,1267.2,0,0.0,1368343933.3000007
09:18:26 AM,1267.2,26,32947.200000000004,1368376880.5000007
09:18:27 AM,1267.25,0,0.0,1368376880.5000007
09:18:27 AM,1267.25,340,430865.0,1368807745.5000007
09:18:28 AM,1267.05,135,171051.75,1368978797.2500007
09:18:28 AM,1267.3,0,0.0,1368978797.2500007
09:18:28 AM,1267.45,676,856796.2000000001,1369835593.4500008
09:18:29 AM,1267.9,103,130593.70000000001,1369966187.1500008
09:18:29 AM,1267.4,0,0.0,1369966187.1500008
09:18:29 AM,1267.5,132,167310.0,1370133497.1500008
09:18:30 AM,1267.5,78,98865.0,1370232362.1500008
09:18:30 AM,1267.4,0,0.0,1370232362.1500008
09:18:30 AM,1267.55,612,775740.6,1371008102.7500007
09:18:31 AM,1268.55,3813,4836981.149999999,1375845083.9000008
09:18:31 AM,1268.05,0,0.0,1375845083.9000008
09:18:31 AM,1268.05,506,641633.2999999999,1376486717.2000008
09:18:32 AM,1268.4,0,0.0,1376486717.2000008
09:18:32 AM,1268.4,2158,2737207.2,1379223924.4000008
09:18:33 AM,1268.0,0,0.0,1379223924.4000008
09:18:33 AM,1268.0,275,348700.0,1379572624.4000008
09:18:33 AM,1268.45,0,0.0,1379572624.4000008
09:18:33 AM,1268.45,100,126845.0,1379699469.4000008
09:18:34 AM,1268.65,0,0.0,1379699469.4000008
09:18:34 AM,1268.65,537,681265.05,1380380734.4500008
09:18:34 AM,1268.2,0,0.0,1380380734.4500008
09:18:34 AM,1268.2,13,16486.600000000002,1380397221.0500007
09:18:35 AM,1268.9,0,0.0,1380397221.0500007
09:18:35 AM,1268.9,1004,1273975.6,1381671196.6500006
09:18:35 AM,1268.25,2,2536.5,1381673733.1500006
09:18:36 AM,1268.85,0,0.0,1381673733.1500006
09:18:36 AM,1268.85,700,888194.9999999999,1382561928.1500006
09:18:36 AM,1268.2,0,0.0,1382561928.1500006
09:18:36 AM,1268.0,713,904084.0,1383466012.1500006
09:18:37 AM,1268.05,0,0.0,1383466012.1500006
09:18:37 AM,1268.05,547,693623.35,1384159635.5000005
09:18:37 AM,1268.4,0,0.0,1384159635.5000005
09:18:37 AM,1268.4,1317,1670482.8,1385830118.3000004
09:18:38 AM,1268.4,62,78640.8,1385908759.1000004
09:18:38 AM,1268.1,0,0.0,1385908759.1000004
09:18:38 AM,1268.1,147,186410.69999999998,1386095169.8000004
09:18:39 AM,1268.45,0,0.0,1386095169.8000004
09:18:39 AM,1268.35,1123,1424357.0499999998,1387519526.8500004
09:18:39 AM,1268.7,0,0.0,1387519526.8500004
09:18:39 AM,1268.7,1270,1611249.0,1389130775.8500004
09:18:40 AM,1268.45,0,0.0,1389130775.8500004
09:18:40 AM,1268.85,200,253769.99999999997,1389384545.8500004
09:18:40 AM,1268.1,0,0.0,1389384545.8500004
09:18:40 AM,1268.1,690,874988.9999999999,1390259534.8500004
09:18:41 AM,1268.55,0,0.0,1390259534.8500004
09:18:41 AM,1268.15,265,336059.75,1390595594.6000004
09:18:41 AM,1268.05,0,0.0,1390595594.6000004
09:18:41 AM,1267.5,348,441090.0,1391036684.6000004
09:18:42 AM,1268.25,0,0.0,1391036684.6000004
09:18:42 AM,1268.25,561,711488.25,1391748172.8500004
09:18:43 AM,1268.25,253,320867.25,1392069040.1000004
09:18:43 AM,1268.1,0,0.0,1392069040.1000004
09:18:43 AM,1268.1,220,278982.0,1392348022.1000004
09:18:44 AM,1268.25,0,0.0,1392348022.1000004
09:18:44 AM,1268.25,143,181359.75,1392529381.8500004
09:18:44 AM,1267.95,3,3803.8500000000004,1392533185.7000003
09:18:45 AM,1267.95,3,3803.8500000000004,1392536989.5500002
09:18:45 AM,1268.5,1200,1522200.0,1394059189.5500002
09:18:46 AM,1267.8,0,0.0,1394059189.5500002
09:18:46 AM,1267.8,368,466550.39999999997,1394525739.9500003
09:18:46 AM,1268.4,0,0.0,1394525739.9500003
09:18:46 AM,1268.4,350,443940.00000000006,1394969679.9500003
09:18:47 AM,1268.45,0,0.0,1394969679.9500003
09:18:47 AM,1268.45,1000,1268450.0,1396238129.9500003
09:18:47 AM,1268.1,0,0.0,1396238129.9500003
09:18:47 AM,1268.1,5,6340.5,1396244470.4500003
09:18:48 AM,1268.3,0,0.0,1396244470.4500003
09:18:48 AM,1268.3,62,78634.59999999999,1396323105.0500002
09:18:48 AM,1268.2,0,0.0,1396323105.0500002
09:18:48 AM,1268.1,650,824264.9999999999,1397147370.0500002
09:18:49 AM,1267.55,0,0.0,1397147370.0500002
09:18:49 AM,1268.0,1387,1758716.0,1398906086.0500002
09:18:49 AM,1268.0,50,63400.0,1398969486.0500002
09:18:50 AM,1268.05,3355,4254307.75,1403223793.8000002
09:18:51 AM,1268.35,763,967751.0499999999,1404191544.8500001
09:18:51 AM,1268.15,0,0.0,1404191544.8500001
09:18:51 AM,1268.15,11,13949.650000000001,1404205494.5000002
09:18:51 AM,1268.0,0,0.0,1404205494.5000002
09:18:52 AM,1268.2,153,194034.6,1404399529.1000001
09:18:52 AM,1268.3,0,0.0,1404399529.1000001
09:18:52 AM,1268.3,100,126830.0,1404526359.1000001
09:18:52 AM,1268.1,0,0.0,1404526359.1000001
09:18:53 AM,1267.85,8,10142.8,1404536501.9
09:18:53 AM,1267.85,243,308087.55,1404844589.45
09:18:54 AM,1268.0,15,19020.0,1404863609.45
09:18:54 AM,1268.0,26,32968.0,1404896577.45
09:18:55 AM,1268.1,1203,1525524.2999999998,1406422101.75
09:18:55 AM,1268.0,0,0.0,1406422101.75
09:18:55 AM,1268.0,245,310660.0,1406732761.75
09:18:55 AM,1267.9,0,0.0,1406732761.75
09:18:56 AM,1267.6,162,205351.19999999998,1406938112.95
09:18:56 AM,1267.35,0,0.0,1406938112.95
09:18:56 AM,1267.6,0,0.0,1406938112.95
09:18:56 AM,1267.6,1185,1502106.0,1408440218.95
09:18:57 AM,1267.45,271,343478.95,1408783697.9
09:18:57 AM,1266.85,0,0.0,1408783697.9
09:18:57 AM,1266.85,252,319246.19999999995,1409102944.1000001
09:18:58 AM,1267.4,62,78578.8,1409181522.9
09:18:58 AM,1266.8,0,0.0,1409181522.9
09:18:58 AM,1266.8,132,167217.6,1409348740.5
09:18:59 AM,1266.75,928,1175544.0,1410524284.5
09:18:59 AM,1266.85,0,0.0,1410524284.5
09:18:59 AM,1266.7,0,0.0,1410524284.5
09:18:59 AM,1266.7,279,353409.3,1410877693.8
09:19:00 AM,1266.45,1708,2163096.6,1413040790.3999999
09:19:00 AM,1266.6,0,0.0,1413040790.3999999
09:19:01 AM,1266.55,162,205181.1,1413245971.4999998
09:19:01 AM,1265.85,0,0.0,1413245971.4999998
09:19:01 AM,1266.35,0,0.0,1413245971.4999998
09:19:01 AM,1266.35,1490,1886861.4999999998,1415132832.9999998
09:19:01 AM,1266.0,40,50640.0,1415183472.9999998
09:19:02 AM,1265.8,0,0.0,1415183472.9999998
09:19:02 AM,1266.0,0,0.0,1415183472.9999998
09:19:02 AM,1266.0,1139,1441974.0,1416625446.9999998
09:19:02 AM,1266.2,50,63310.0,1416688756.9999998
09:19:03 AM,1266.0,0,0.0,1416688756.9999998
09:19:03 AM,1266.05,0,0.0,1416688756.9999998
09:19:03 AM,1266.05,105,132935.25,1416821692.2499998
09:19:03 AM,1266.25,51,64578.75,1416886270.9999998
09:19:04 AM,1265.75,0,0.0,1416886270.9999998
09:19:04 AM,1265.45,0,0.0,1416886270.9999998
09:19:04 AM,1265.45,147,186021.15,1417072292.1499999
09:19:04 AM,1265.95,244,308891.8,1417381183.9499998
09:19:05 AM,1266.0,0,0.0,1417381183.9499998
09:19:05 AM,1266.0,107,135462.0,1417516645.9499998
09:19:06 AM,1265.4,0,0.0,1417516645.9499998
09:19:06 AM,1265.85,0,0.0,1417516645.9499998
09:19:06 AM,1265.85,852,1078504.2,1418595150.1499999
09:19:07 AM,1265.45,0,0.0,1418595150.1499999
09:19:07 AM,1265.45,1881,2380311.45,1420975461.6
09:19:08 AM,1265.4,0,0.0,1420975461.6
09:19:08 AM,1265.35,0,0.0,1420975461.6
09:19:08 AM,1265.35,1872,2368735.1999999997,1423344196.8
09:19:08 AM,1265.35,322,407442.69999999995,1423751639.5
09:19:09 AM,1265.3,0,0.0,1423751639.5
09:19:09 AM,1265.05,0,0.0,1423751639.5
09:19:09 AM,1265.05,339,428851.95,1424180491.45
09:19:10 AM,1265.0,0,0.0,1424180491.45
09:19:10 AM,1264.85,0,0.0,1424180491.45
09:19:10 AM,1264.85,334,422459.89999999997,1424602951.3500001
09:19:10 AM,1265.3,563,712363.9,1425315315.2500002
09:19:11 AM,1264.95,0,0.0,1425315315.2500002
09:19:11 AM,1264.8,0,0.0,1425315315.2500002
09:19:11 AM,1264.8,252,318729.6,1425634044.8500001
09:19:11 AM,1265.1,19,24036.899999999998,1425658081.7500002
09:19:12 AM,1264.8,0,0.0,1425658081.7500002
09:19:12 AM,1265.0,0,0.0,1425658081.7500002
09:19:12 AM,1265.0,186,235290.0,1425893371.7500002
09:19:12 AM,1264.75,1,1264.75,1425894636.5000002
09:19:13 AM,1265.0,0,0.0,1425894636.5000002
09:19:13 AM,1264.5,0,0.0,1425894636.5000002
09:19:13 AM,1265.1,1612,2039341.2,1427933977.7000003
09:19:14 AM,1265.0,0,0.0,1427933977.7000003
09:19:14 AM,1265.25,0,0.0,1427933977.7000003
09:19:14 AM,1265.25,480,607320.0,1428541297.7000003
09:19:15 AM,1265.1,0,0.0,1428541297.7000003
09:19:15 AM,1265.1,1050,1328355.0,1429869652.7000003
09:19:16 AM,1265.1,247,312479.69999999995,1430182132.4000003
09:19:17 AM,1264.95,0,0.0,1430182132.4000003
09:19:17 AM,1264.95,594,751380.3,1430933512.7000003
09:19:18 AM,1265.1,0,0.0,1430933512.7000003
09:19:18 AM,1265.15,0,0.0,1430933512.7000003
09:19:18 AM,1265.15,2130,2694769.5,1433628282.2000003
09:19:19 AM,1265.6,0,0.0,1433628282.2000003
09:19:19 AM,1265.3,0,0.0,1433628282.2000003
09:19:19 AM,1265.3,506,640241.7999999999,1434268524.0000002
09:19:20 AM,1265.6,0,0.0,1434268524.0000002
09:19:20 AM,1264.95,0,0.0,1434268524.0000002
09:19:20 AM,1264.95,1420,1796229.0,1436064753.0000002
09:19:20 AM,1265.0,37,46805.0,1436111558.0000002
09:19:21 AM,1264.25,0,0.0,1436111558.0000002
09:19:21 AM,1264.9,0,0.0,1436111558.0000002
09:19:21 AM,1264.9,623,788032.7000000001,1436899590.7000003
09:19:21 AM,1264.95,244,308647.8,1437208238.5000002
09:19:22 AM,1265.4,0,0.0,1437208238.5000002
09:19:22 AM,1265.0,0,0.0,1437208238.5000002
09:19:22 AM,1265.0,602,761530.0,1437969768.5000002
09:19:22 AM,1265.2,130,164476.0,1438134244.5000002
09:19:23 AM,1265.05,0,0.0,1438134244.5000002
09:19:23 AM,1264.55,0,0.0,1438134244.5000002
09:19:23 AM,1264.55,273,345222.14999999997,1438479466.6500003
09:19:24 AM,1264.8,0,0.0,1438479466.6500003
09:19:24 AM,1264.95,0,0.0,1438479466.6500003
09:19:24 AM,1264.95,192,242870.40000000002,1438722337.0500004
09:19:24 AM,1264.75,1,1264.75,1438723601.8000004
09:19:25 AM,1265.0,0,0.0,1438723601.8000004
09:19:25 AM,1265.0,1170,1480050.0,1440203651.8000004
09:19:25 AM,1265.0,10,12650.0,1440216301.8000004
09:19:26 AM,1264.35,0,0.0,1440216301.8000004
09:19:26 AM,1264.95,0,0.0,1440216301.8000004
09:19:26 AM,1264.95,320,404784.0,1440621085.8000004
09:19:27 AM,1264.35,0,0.0,1440621085.8000004
09:19:27 AM,1264.35,44,55631.399999999994,1440676717.2000005
09:19:28 AM,1264.85,0,0.0,1440676717.2000005
09:19:28 AM,1264.5,0,0.0,1440676717.2000005
09:19:28 AM,1264.5,75,94837.5,1440771554.7000005
09:19:29 AM,1264.1,0,0.0,1440771554.7000005
09:19:29 AM,1264.35,1574,1990086.9,1442761641.6000006
09:19:30 AM,1264.65,0,0.0,1442761641.6000006
09:19:30 AM,1264.2,170,214914.0,1442976555.6000006
09:19:31 AM,1264.6,0,0.0,1442976555.6000006
09:19:31 AM,1264.2,0,0.0,1442976555.6000006
09:19:31 AM,1264.2,94,118834.8,1443095390.4000006
09:19:32 AM,1264.15,100,126415.00000000001,1443221805.4000006
09:19:32 AM,1264.55,0,0.0,1443221805.4000006
09:19:32 AM,1264.55,627,792872.85,1444014678.2500005
09:19:33 AM,1264.55,5,6322.75,1444021001.0000005
09:19:33 AM,1264.65,0,0.0,1444021001.0000005
09:19:33 AM,1264.15,0,0.0,1444021001.0000005
09:19:33 AM,1264.15,405,511980.75000000006,1444532981.7500005
09:19:34 AM,1264.0,0,0.0,1444532981.7500005
09:19:34 AM,1263.95,0,0.0,1444532981.7500005
09:19:34 AM,1263.95,4631,5853352.45,1450386334.2000005
09:19:35 AM,1263.95,20,25279.0,1450411613.2000005
09:19:35 AM,1263.75,0,0.0,1450411613.2000005
09:19:35 AM,1264.05,0,0.0,1450411613.2000005
09:19:35 AM,1264.05,4477,5659151.85,1456070765.0500004
09:19:36 AM,1263.5,1,1263.5,1456072028.5500004
09:19:36 AM,1263.9,0,0.0,1456072028.5500004
09:19:36 AM,1263.85,0,0.0,1456072028.5500004
09:19:36 AM,1263.85,5154,6513882.899999999,1462585911.4500005
09:19:37 AM,1263.3,0,0.0,1462585911.4500005
09:19:37 AM,1263.8,0,0.0,1462585911.4500005
09:19:37 AM,1263.8,210,265398.0,1462851309.4500005
09:19:38 AM,1263.85,92,116274.2,1462967583.6500006
09:19:38 AM,1263.9,0,0.0,1462967583.6500006
09:19:38 AM,1263.8,0,0.0,1462967583.6500006
09:19:38 AM,1263.35,237,299413.94999999995,1463266997.6000006
09:19:39 AM,1263.8,0,0.0,1463266997.6000006
09:19:39 AM,1263.8,276,348808.8,1463615806.4000006
09:19:40 AM,1263.5,0,0.0,1463615806.4000006
09:19:41 AM,1263.8,53,66981.4,1463682787.8000007
09:19:41 AM,1263.5,9,11371.5,1463694159.3000007
09:19:41 AM,1263.8,0,0.0,1463694159.3000007
09:19:42 AM,1263.85,606,765893.1,1464460052.4000006
09:19:42 AM,1263.5,80,101080.0,1464561132.4000006
09:19:42 AM,1263.85,0,0.0,1464561132.4000006
09:19:42 AM,1263.8,0,0.0,1464561132.4000006
09:19:43 AM,1263.8,1104,1395235.2,1465956367.6000006
09:19:44 AM,1263.8,239,302048.2,1466258415.8000007
09:19:44 AM,1263.75,0,0.0,1466258415.8000007
09:19:44 AM,1263.9,0,0.0,1466258415.8000007
09:19:45 AM,1264.35,785,992514.7499999999,1467250930.5500007
09:19:45 AM,1263.85,1,1263.85,1467252194.4000006
09:19:45 AM,1263.9,0,0.0,1467252194.4000006
09:19:45 AM,1264.15,0,0.0,1467252194.4000006
09:19:46 AM,1264.15,399,504395.85000000003,1467756590.2500005
09:19:46 AM,1263.85,285,360197.25,1468116787.5000005
09:19:47 AM,1263.85,41,51817.85,1468168605.3500004
09:19:47 AM,1263.85,130,164300.5,1468332905.8500004
09:19:48 AM,1263.5,1270,1604645.0,1469937550.8500004
09:19:48 AM,1263.65,0,0.0,1469937550.8500004
09:19:49 AM,1263.85,162,204743.69999999998,1470142294.5500004
09:19:49 AM,1263.85,160,202216.0,1470344510.5500004
09:19:49 AM,1263.8,0,0.0,1470344510.5500004
09:19:50 AM,1263.9,2617,3307626.3000000003,1473652136.8500004
09:19:50 AM,1264.15,623,787565.4500000001,1474439702.3000004
09:19:50 AM,1263.9,0,0.0,1474439702.3000004
09:19:51 AM,1263.9,612,773506.8,1475213209.1000004
09:19:51 AM,1264.05,0,0.0,1475213209.1000004
09:19:51 AM,1263.9,0,0.0,1475213209.1000004
09:19:52 AM,1263.5,1096,1384796.0,1476598005.1000004
09:19:52 AM,1263.9,0,0.0,1476598005.1000004
09:19:53 AM,1263.9,427,539685.3,1477137690.4000003
09:19:53 AM,1263.9,70,88473.0,1477226163.4000003
09:19:53 AM,1264.15,0,0.0,1477226163.4000003
09:19:54 AM,1263.8,891,1126045.8,1478352209.2000003
09:19:54 AM,1263.8,7,8846.6,1478361055.8000002
09:19:55 AM,1263.8,10,12638.0,1478373693.8000002
09:19:55 AM,1264.15,20,25283.0,1478398976.8000002
09:19:55 AM,1263.8,0,0.0,1478398976.8000002
09:19:55 AM,1263.9,0,0.0,1478398976.8000002
09:19:56 AM,1263.9,107,135237.30000000002,1478534214.1000001
09:19:56 AM,1263.8,40,50552.0,1478584766.1000001
09:19:56 AM,1263.85,0,0.0,1478584766.1000001
09:19:57 AM,1264.15,229,289490.35000000003,1478874256.45
09:19:57 AM,1264.15,55,69528.25,1478943784.7
09:19:57 AM,1264.0,0,0.0,1478943784.7
09:19:57 AM,1264.15,0,0.0,1478943784.7
09:19:58 AM,1264.15,175,221226.25000000003,1479165010.95
09:19:58 AM,1264.0,0,0.0,1479165010.95
09:19:59 AM,1264.15,82,103660.3,1479268671.25
09:19:59 AM,1264.0,0,0.0,1479268671.25
09:20:00 AM,1264.15,103,130207.45000000001,1479398878.7
09:20:00 AM,1263.25,0,0.0,1479398878.7
09:20:00 AM,1263.65,0,0.0,1479398878.7
09:20:01 AM,1263.65,2590,3272853.5000000005,1482671732.2
09:20:01 AM,1263.95,6,7583.700000000001,1482679315.9
09:20:02 AM,1263.7,23,29065.100000000002,1482708381.0
09:20:02 AM,1264.05,0,0.0,1482708381.0
09:20:03 AM,1264.05,100,126405.0,1482834786.0
09:20:03 AM,1263.8,175,221165.0,1483055951.0
09:20:03 AM,1263.65,0,0.0,1483055951.0
09:20:03 AM,1264.05,0,0.0,1483055951.0
09:20:04 AM,1263.8,768,970598.3999999999,1484026549.4
09:20:04 AM,1264.15,348,439924.2,1484466473.6000001
09:20:05 AM,1264.15,656,829282.4,1485295756.0000002
09:20:06 AM,1264.15,120,151698.0,1485447454.0000002
09:20:06 AM,1264.2,0,0.0,1485447454.0000002
09:20:06 AM,1264.1,0,0.0,1485447454.0000002
09:20:07 AM,1264.2,2387,3017645.4,1488465099.4000003
09:20:07 AM,1264.35,1005,1270671.75,1489735771.1500003
09:20:07 AM,1264.4,0,0.0,1489735771.1500003
09:20:07 AM,1264.1,0,0.0,1489735771.1500003
09:20:08 AM,1264.4,248,313571.2,1490049342.3500004
09:20:08 AM,1264.1,100,126409.99999999999,1490175752.3500004
09:20:08 AM,1264.05,0,0.0,1490175752.3500004
09:20:08 AM,1264.45,0,0.0,1490175752.3500004
09:20:09 AM,1264.55,604,763788.2,1490939540.5500004
09:20:09 AM,1264.75,0,0.0,1490939540.5500004
09:20:09 AM,1264.3,0,0.0,1490939540.5500004
09:20:10 AM,1264.3,378,477905.39999999997,1491417445.9500005
09:20:10 AM,1264.1,0,0.0,1491417445.9500005
09:20:11 AM,1264.45,819,1035584.55,1492453030.5000005
09:20:11 AM,1264.65,80,101172.0,1492554202.5000005
09:20:12 AM,1264.95,533,674218.35,1493228420.8500004
09:20:12 AM,1264.75,0,0.0,1493228420.8500004
09:20:12 AM,1264.75,58,73355.5,1493301776.3500004
09:20:13 AM,1265.0,249,314985.0,1493616761.3500004
09:20:13 AM,1265.2,804,1017220.8,1494633982.1500003
09:20:13 AM,1264.75,0,0.0,1494633982.1500003
09:20:14 AM,1264.7,275,347792.5,1494981774.6500003
09:20:14 AM,1265.2,0,0.0,1494981774.6500003
09:20:14 AM,1265.2,126,159415.2,1495141189.8500004
09:20:15 AM,1265.85,306,387350.1,1495528539.9500003
09:20:15 AM,1265.8,100,126580.0,1495655119.9500003
09:20:16 AM,1265.6,6,7593.599999999999,1495662713.5500002
09:20:16 AM,1265.15,25,31628.750000000004,1495694342.3000002
09:20:17 AM,1265.6,97,122763.2,1495817105.5000002
09:20:18 AM,1265.6,41,51889.6,1495868995.1000001
09:20:18 AM,1265.15,0,0.0,1495868995.1000001
09:20:18 AM,1265.15,252,318817.80000000005,1496187812.9
09:20:18 AM,1265.6,0,0.0,1496187812.9
09:20:19 AM,1265.6,152,192371.19999999998,1496380184.1000001
09:20:19 AM,1265.6,3,3796.7999999999997,1496383980.9
09:20:20 AM,1265.6,40,50624.0,1496434604.9
09:20:20 AM,1265.6,6,7593.599999999999,1496442198.5
09:20:21 AM,1265.55,62,78464.09999999999,1496520662.6
09:20:22 AM,1265.45,2,2530.9,1496523193.5
09:20:23 AM,1265.45,35,44290.75,1496567484.25
09:20:23 AM,1265.45,35,44290.75,1496611775.0
09:20:24 AM,1265.35,123,155638.05,1496767413.05
09:20:24 AM,1265.45,37,46821.65,1496814234.7
09:20:25 AM,1265.35,46,58206.1,1496872440.8
09:20:25 AM,1265.45,23,29105.350000000002,1496901546.1499999
09:20:26 AM,1265.2,599,757854.8,1497659400.9499998
09:20:26 AM,1265.35,0,0.0,1497659400.9499998
09:20:27 AM,1264.75,995,1258426.25,1498917827.1999998
09:20:27 AM,1265.25,0,0.0,1498917827.1999998
09:20:27 AM,1265.25,35,44283.75,1498962110.9499998
09:20:28 AM,1265.3,89,112611.7,1499074722.6499999
09:20:28 AM,1265.15,0,0.0,1499074722.6499999
09:20:28 AM,1264.95,107,135349.65,1499210072.3
09:20:29 AM,1265.1,198,250489.8,1499460562.1
09:20:29 AM,1265.1,70,88557.0,1499549119.1
09:20:29 AM,1264.95,0,0.0,1499549119.1
09:20:30 AM,1265.0,272,344080.0,1499893199.1
09:20:30 AM,1265.0,151,191015.0,1500084214.1
09:20:31 AM,1265.1,148,187234.8,1500271448.8999999
09:20:31 AM,1265.1,35,44278.5,1500315727.3999999
09:20:31 AM,1265.0,0,0.0,1500315727.3999999
09:20:32 AM,1265.05,215,271985.75,1500587713.1499999
09:20:32 AM,1264.55,150,189682.5,1500777395.6499999
09:20:32 AM,1264.9,0,0.0,1500777395.6499999
09:20:33 AM,1265.1,435,550318.5,1501327714.1499999
09:20:33 AM,1265.1,35,44278.5,1501371992.6499999
09:20:33 AM,1264.75,0,0.0,1501371992.6499999
09:20:34 AM,1264.75,164,207419.0,1501579411.6499999
09:20:34 AM,1265.1,1,1265.1,1501580676.7499998
09:20:34 AM,1264.75,0,0.0,1501580676.7499998
09:20:35 AM,1264.95,140,177093.0,1501757769.7499998
09:20:35 AM,1264.9,0,0.0,1501757769.7499998
09:20:35 AM,1264.9,116,146728.40000000002,1501904498.1499999
09:20:36 AM,1264.85,2,2529.7,1501907027.85
09:20:37 AM,1264.9,12,15178.800000000001,1501922206.6499999
09:20:37 AM,1265.0,0,0.0,1501922206.6499999
09:20:38 AM,1265.1,1286,1626918.5999999999,1503549125.2499998
09:20:38 AM,1264.95,0,0.0,1503549125.2499998
09:20:38 AM,1264.95,100,126495.0,1503675620.2499998
09:20:39 AM,1265.3,236,298610.8,1503974231.0499997
09:20:39 AM,1265.15,137,173325.55000000002,1504147556.5999997
09:20:40 AM,1265.15,155,196098.25,1504343654.8499997
09:20:40 AM,1264.65,1957,2474920.0500000003,1506818574.8999996
09:20:40 AM,1265.0,0,0.0,1506818574.8999996
09:20:41 AM,1264.65,446,564033.9,1507382608.7999997
09:20:41 AM,1264.65,10,12646.5,1507395255.2999997
09:20:42 AM,1264.65,79,99907.35,1507495162.6499996
09:20:42 AM,1264.35,699,883780.6499999999,1508378943.2999997
09:20:43 AM,1264.4,28,35403.200000000004,1508414346.4999998
09:20:43 AM,1264.4,9,11379.6,1508425726.0999997
09:20:43 AM,1264.3,0,0.0,1508425726.0999997
09:20:44 AM,1264.8,136,172012.8,1508597738.8999996
09:20:44 AM,1264.2,0,0.0,1508597738.8999996
09:20:45 AM,1264.55,147,185888.85,1508783627.7499995
09:20:45 AM,1264.8,0,0.0,1508783627.7499995
09:20:45 AM,1264.35,397,501946.94999999995,1509285574.6999996
09:20:46 AM,1264.75,38,48060.5,1509333635.1999996
09:20:46 AM,1264.45,0,0.0,1509333635.1999996
09:20:46 AM,1264.85,35,44269.75,1509377904.9499996
09:20:47 AM,1264.65,2142,2708880.3000000003,1512086785.2499995
09:20:47 AM,1264.95,0,0.0,1512086785.2499995
09:20:47 AM,1265.0,1676,2120140.0,1514206925.2499995
09:20:48 AM,1264.75,87,110033.25,1514316958.4999995
09:20:48 AM,1265.0,0,0.0,1514316958.4999995
09:20:48 AM,1265.0,97,122705.0,1514439663.4999995
09:20:49 AM,1264.75,273,345276.75,1514784940.2499995
09:20:50 AM,1265.0,4,5060.0,1514790000.2499995
09:20:50 AM,1264.75,0,0.0,1514790000.2499995
09:20:51 AM,1264.75,1,1264.75,1514791264.9999995
09:20:51 AM,1264.85,784,991642.3999999999,1515782907.3999996
09:20:51 AM,1264.75,0,0.0,1515782907.3999996
09:20:52 AM,1264.75,144,182124.0,1515965031.3999996
09:20:52 AM,1264.2,308,389373.60000000003,1516354404.9999995
09:20:52 AM,1264.7,0,0.0,1516354404.9999995
09:20:53 AM,1264.75,163,206154.25,1516560559.2499995
09:20:53 AM,1264.8,775,980220.0,1517540779.2499995
09:20:53 AM,1264.95,0,0.0,1517540779.2499995
09:20:53 AM,1264.85,0,0.0,1517540779.2499995
09:20:54 AM,1264.7,711,899201.7000000001,1518439980.9499996
09:20:54 AM,1264.4,0,0.0,1518439980.9499996
09:20:54 AM,1264.35,0,0.0,1518439980.9499996
09:20:55 AM,1264.55,414,523523.69999999995,1518963504.6499996
09:20:55 AM,1264.6,48,60700.799999999996,1519024205.4499996
09:20:55 AM,1264.2,0,0.0,1519024205.4499996
09:20:55 AM,1264.6,0,0.0,1519024205.4499996
09:20:56 AM,1264.2,258,326163.60000000003,1519350369.0499995
09:20:56 AM,1264.5,11,13909.5,1519364278.5499995
09:20:57 AM,1264.5,28,35406.0,1519399684.5499995
09:20:58 AM,1264.2,240,303408.0,1519703092.5499995
09:20:58 AM,1264.45,9,11380.050000000001,1519714472.5999994
09:20:58 AM,1264.65,0,0.0,1519714472.5999994
09:20:59 AM,1264.5,731,924349.5,1520638822.0999994
09:20:59 AM,1264.7,0,0.0,1520638822.0999994
09:20:59 AM,1264.3,0,0.0,1520638822.0999994
09:21:00 AM,1264.5,661,835834.5,1521474656.5999994
09:21:00 AM,1264.5,5,6322.5,1521480979.0999994
09:21:00 AM,1264.7,0,0.0,1521480979.0999994
09:21:01 AM,1264.7,113,142911.1,1521623890.1999993
09:21:01 AM,1264.35,0,0.0,1521623890.1999993
09:21:02 AM,1264.45,204,257947.80000000002,1521881837.9999993
09:21:02 AM,1264.1,1640,2073123.9999999998,1523954961.9999993
09:21:02 AM,1264.0,0,0.0,1523954961.9999993
09:21:03 AM,1264.3,716,905238.7999999999,1524860200.7999992
09:21:04 AM,1264.05,1253,1583854.65,1526444055.4499993
09:21:04 AM,1263.5,347,438434.5,1526882489.9499993
09:21:05 AM,1264.15,1,1264.15,1526883754.0999994
09:21:05 AM,1264.15,1,1264.15,1526885018.2499995
09:21:06 AM,1264.3,775,979832.5,1527864850.7499995
09:21:06 AM,1264.1,0,0.0,1527864850.7499995
09:21:07 AM,1264.1,100,126409.99999999999,1527991260.7499995
09:21:07 AM,1264.3,0,0.0,1527991260.7499995
09:21:08 AM,1264.3,340,429862.0,1528421122.7499995
09:21:08 AM,1264.1,50,63204.99999999999,1528484327.7499995
09:21:08 AM,1264.05,0,0.0,1528484327.7499995
09:21:09 AM,1264.1,176,222481.59999999998,1528706809.3499994
09:21:09 AM,1263.5,0,0.0,1528706809.3499994
09:21:10 AM,1263.5,101,127613.5,1528834422.8499994
09:21:11 AM,1263.6,0,0.0,1528834422.8499994
09:21:11 AM,1263.6,64,80870.4,1528915293.2499995
09:21:11 AM,1263.6,2,2527.2,1528917820.4499996
09:21:11 AM,1263.2,0,0.0,1528917820.4499996
09:21:12 AM,1263.2,1616,2041331.2000000002,1530959151.6499996
09:21:12 AM,1263.0,55,69465.0,1531028616.6499996
09:21:12 AM,1263.15,0,0.0,1531028616.6499996
09:21:13 AM,1263.15,38,47999.700000000004,1531076616.3499997
09:21:14 AM,1262.95,0,0.0,1531076616.3499997
09:21:14 AM,1263.0,3922,4953486.0,1536030102.3499997
09:21:14 AM,1262.65,0,0.0,1536030102.3499997
09:21:15 AM,1262.65,80,101012.0,1536131114.3499997
09:21:15 AM,1262.6,21,26514.6,1536157628.9499996
09:21:15 AM,1262.9,0,0.0,1536157628.9499996
09:21:16 AM,1262.9,131,165439.90000000002,1536323068.8499997
09:21:16 AM,1262.7,0,0.0,1536323068.8499997
09:21:17 AM,1262.4,57,71956.8,1536395025.6499996
09:21:17 AM,1262.4,39,49233.600000000006,1536444259.2499995
09:21:17 AM,1262.3,0,0.0,1536444259.2499995
09:21:18 AM,1262.3,5,6311.5,1536450570.7499995
09:21:18 AM,1262.45,760,959462.0,1537410032.7499995
09:21:18 AM,1262.0,0,0.0,1537410032.7499995
09:21:18 AM,1262.25,0,0.0,1537410032.7499995
09:21:19 AM,1262.0,68,85816.0,1537495848.7499995
09:21:19 AM,1261.8,329,415132.2,1537910980.9499996
09:21:19 AM,1261.9,0,0.0,1537910980.9499996
09:21:20 AM,1261.95,1274,1607724.3,1539518705.2499995
09:21:20 AM,1262.0,0,0.0,1539518705.2499995
09:21:20 AM,1261.7,0,0.0,1539518705.2499995
09:21:21 AM,1261.7,828,1044687.6000000001,1540563392.8499994
09:21:21 AM,1261.6,39,49202.399999999994,1540612595.2499995
09:21:21 AM,1262.05,0,0.0,1540612595.2499995
09:21:21 AM,1261.9,0,0.0,1540612595.2499995
09:21:22 AM,1261.9,814,1027186.6000000001,1541639781.8499994
09:21:22 AM,1261.5,770,971355.0,1542611136.8499994
09:21:22 AM,1261.8,0,0.0,1542611136.8499994
09:21:22 AM,1261.95,0,0.0,1542611136.8499994
09:21:23 AM,1262.15,2817,3555476.5500000003,1546166613.3999994
09:21:23 AM,1262.05,15,18930.75,1546185544.1499994
09:21:23 AM,1262.1,0,0.0,1546185544.1499994
09:21:23 AM,1262.45,0,0.0,1546185544.1499994
09:21:24 AM,1262.45,1140,1439193.0,1547624737.1499994
09:21:24 AM,1262.25,55,69423.75,1547694160.8999994
09:21:24 AM,1262.3,0,0.0,1547694160.8999994
09:21:25 AM,1262.55,624,787831.2,1548481992.0999994
09:21:25 AM,1262.1,476,600759.6,1549082751.6999993
09:21:25 AM,1262.15,0,0.0,1549082751.6999993
09:21:26 AM,1262.15,992,1252052.8,1550334804.4999993
09:21:26 AM,1262.15,34,42913.100000000006,1550377717.5999992
09:21:26 AM,1262.1,0,0.0,1550377717.5999992
09:21:26 AM,1262.15,0,0.0,1550377717.5999992
09:21:27 AM,1262.15,441,556608.15,1550934325.7499993
09:21:27 AM,1262.05,0,0.0,1550934325.7499993
09:21:27 AM,1261.8,0,0.0,1550934325.7499993
09:21:28 AM,1261.8,761,960229.7999999999,1551894555.5499992
09:21:28 AM,1262.15,5,6310.75,1551900866.2999992
09:21:28 AM,1261.6,0,0.0,1551900866.2999992
09:21:29 AM,1261.6,500,630800.0,1552531666.2999992
09:21:29 AM,1261.8,5,6309.0,1552537975.2999992
09:21:29 AM,1261.85,0,0.0,1552537975.2999992
09:21:30 AM,1261.85,112,141327.19999999998,1552679302.4999993
09:21:30 AM,1262.05,104,131253.19999999998,1552810555.6999993
09:21:30 AM,1261.55,0,0.0,1552810555.6999993
09:21:30 AM,1261.4,0,0.0,1552810555.6999993
09:21:31 AM,1261.4,45,56763.00000000001,1552867318.6999993
09:21:31 AM,1261.65,81,102193.65000000001,1552969512.3499994
09:21:33 AM,1261.4,0,0.0,1552969512.3499994
09:21:33 AM,1261.6,0,0.0,1552969512.3499994
09:21:34 AM,1261.6,739,932322.3999999999,1553901834.7499995
09:21:34 AM,1261.4,36,45410.4,1553947245.1499996
09:21:35 AM,1261.3,138,174059.4,1554121304.5499997
09:21:35 AM,1261.2,952,1200662.4000000001,1555321966.9499998
09:21:35 AM,1261.1,0,0.0,1555321966.9499998
09:21:36 AM,1261.1,809,1020229.8999999999,1556342196.85
09:21:36 AM,1261.5,3142,3963633.0,1560305829.85
09:21:36 AM,1261.85,0,0.0,1560305829.85
09:21:37 AM,1261.5,769,970093.5,1561275923.35
09:21:37 AM,1261.15,0,0.0,1561275923.35
09:21:38 AM,1261.15,192,242140.80000000002,1561518064.1499999
09:21:38 AM,1261.6,600,756960.0,1562275024.1499999
09:21:38 AM,1261.45,0,0.0,1562275024.1499999
09:21:38 AM,1261.05,0,0.0,1562275024.1499999
09:21:39 AM,1261.05,15,18915.75,1562293939.8999999
09:21:39 AM,1261.1,3,3783.2999999999997,1562297723.1999998
09:21:39 AM,1261.5,0,0.0,1562297723.1999998
09:21:40 AM,1261.5,10,12615.0,1562310338.1999998
09:21:40 AM,1261.2,1,1261.2,1562311599.3999999
09:21:40 AM,1261.15,0,0.0,1562311599.3999999
09:21:40 AM,1261.45,0,0.0,1562311599.3999999
09:21:41 AM,1261.5,332,418818.0,1562730417.3999999
09:21:41 AM,1261.45,221,278780.45,1563009197.85
09:21:42 AM,1261.45,105,132452.25,1563141650.1
09:21:42 AM,1261.5,1242,1566783.0,1564708433.1
09:21:42 AM,1261.9,0,0.0,1564708433.1
09:21:43 AM,1261.5,2229,2811883.5,1567520316.6
09:21:43 AM,1261.55,1076,1357427.8,1568877744.3999999
09:21:44 AM,1261.45,198,249767.1,1569127511.4999998
09:21:44 AM,1261.55,366,461727.3,1569589238.7999997
09:21:44 AM,1262.0,0,0.0,1569589238.7999997
09:21:45 AM,1261.9,270,340713.0,1569929951.7999997
09:21:45 AM,1261.55,0,0.0,1569929951.7999997
09:21:46 AM,1261.55,6,7569.299999999999,1569937521.0999997
09:21:46 AM,1261.9,0,0.0,1569937521.0999997
09:21:46 AM,1261.45,0,0.0,1569937521.0999997
09:21:47 AM,1261.45,1010,1274064.5,1571211585.5999997
09:21:47 AM,1261.7,0,0.0,1571211585.5999997
09:21:48 AM,1261.9,776,979234.4,1572190819.9999998
09:21:48 AM,1261.55,0,0.0,1572190819.9999998
09:21:49 AM,1262.0,1101,1389462.0,1573580281.9999998
09:21:49 AM,1262.0,60,75720.0,1573656001.9999998
09:21:49 AM,1261.95,0,0.0,1573656001.9999998
09:21:50 AM,1261.9,20,25238.0,1573681239.9999998
09:21:50 AM,1262.15,335,422820.25000000006,1574104060.2499998
09:21:50 AM,1262.05,0,0.0,1574104060.2499998
09:21:51 AM,1262.0,326,411412.0,1574515472.2499998
09:21:51 AM,1262.2,277,349629.4,1574865101.6499999
09:21:52 AM,1262.05,50,63102.5,1574928204.1499999
09:21:52 AM,1263.1,3617,4568632.699999999,1579496836.85
09:21:52 AM,1263.35,0,0.0,1579496836.85
09:21:53 AM,1263.35,455,574824.25,1580071661.1
09:21:53 AM,1263.2,114,144004.80000000002,1580215665.8999999
09:21:53 AM,1263.15,0,0.0,1580215665.8999999
09:21:54 AM,1263.15,2435,3075770.25,1583291436.1499999
09:21:54 AM,1263.4,238,300689.2,1583592125.35
09:21:54 AM,1263.25,0,0.0,1583592125.35
09:21:55 AM,1263.15,228,287998.2,1583880123.55
09:21:55 AM,1262.9,12,15154.800000000001,1583895278.35
09:21:56 AM,1262.85,2,2525.7,1583897804.05
09:21:56 AM,1262.8,0,0.0,1583897804.05
09:21:57 AM,1263.05,34,42943.7,1583940747.75
09:21:57 AM,1262.8,80,101024.0,1584041771.75
09:21:57 AM,1262.95,0,0.0,1584041771.75
09:21:58 AM,1262.95,1,1262.95,1584043034.7
09:21:58 AM,1262.75,1,1262.75,1584044297.45
09:21:59 AM,1262.5,0,0.0,1584044297.45
09:22:00 AM,1262.5,2886,3643575.0,1587687872.45
09:22:00 AM,1262.25,0,0.0,1587687872.45
09:22:01 AM,1262.25,410,517522.5,1588205394.95
09:22:01 AM,1262.5,433,546662.5,1588752057.45
09:22:02 AM,1262.35,1,1262.35,1588753319.8
09:22:02 AM,1262.25,0,0.0,1588753319.8
09:22:03 AM,1262.3,426,537739.7999999999,1589291059.6
09:22:03 AM,1262.0,0,0.0,1589291059.6
09:22:03 AM,1262.3,0,0.0,1589291059.6
09:22:04 AM,1262.3,14,17672.2,1589308731.8
09:22:04 AM,1262.0,4,5048.0,1589313779.8
09:22:05 AM,1262.0,1,1262.0,1589315041.8
09:22:05 AM,1262.15,100,126215.00000000001,1589441256.8
09:22:05 AM,1261.8,0,0.0,1589441256.8
09:22:06 AM,1261.8,517,652350.6,1590093607.3999999
09:22:06 AM,1262.0,2,2524.0,1590096131.3999999
09:22:06 AM,1262.15,0,0.0,1590096131.3999999
09:22:07 AM,1262.15,10,12621.5,1590108752.8999999
09:22:07 AM,1261.65,325,410036.25000000006,1590518789.1499999
09:22:07 AM,1261.85,0,0.0,1590518789.1499999
09:22:08 AM,1261.85,4,5047.4,1590523836.55
09:22:08 AM,1261.65,179,225835.35,1590749671.8999999
09:22:09 AM,1261.8,5,6309.0,1590755980.8999999
09:22:10 AM,1261.8,130,164034.0,1590920014.8999999
09:22:11 AM,1261.6,635,801116.0,1591721130.8999999
09:22:11 AM,1261.5,0,0.0,1591721130.8999999
09:22:12 AM,1261.5,6,7569.0,1591728699.8999999
09:22:13 AM,1261.6,0,0.0,1591728699.8999999
09:22:13 AM,1261.3,52,65587.59999999999,1591794287.4999998
09:22:14 AM,1261.25,77,97116.25,1591891403.7499998
09:22:14 AM,1261.0,0,0.0,1591891403.7499998
09:22:14 AM,1261.0,18,22698.0,1591914101.7499998
09:22:15 AM,1261.0,10,12610.0,1591926711.7499998
09:22:16 AM,1261.0,439,553579.0,1592480290.7499998
09:22:16 AM,1261.1,2,2522.2,1592482812.9499998
09:22:17 AM,1261.1,130,163943.0,1592646755.9499998
09:22:17 AM,1261.2,0,0.0,1592646755.9499998
09:22:17 AM,1261.1,195,245914.49999999997,1592892670.4499998
09:22:18 AM,1261.1,564,711260.3999999999,1593603930.85
09:22:18 AM,1261.05,0,0.0,1593603930.85
09:22:18 AM,1260.9,437,551013.3,1594154944.1499999
09:22:18 AM,1261.1,0,0.0,1594154944.1499999
09:22:19 AM,1261.25,396,499455.0,1594654399.1499999
09:22:20 AM,1261.65,74,93362.1,1594747761.2499998
09:22:21 AM,1261.05,221,278692.05,1595026453.2999997
09:22:22 AM,1261.45,5,6307.25,1595032760.5499997
09:22:23 AM,1261.45,115,145066.75,1595177827.2999997
09:22:24 AM,1261.45,1,1261.45,1595179088.7499998
09:22:24 AM,1261.05,0,0.0,1595179088.7499998
09:22:24 AM,1261.05,52,65574.59999999999,1595244663.3499997
09:22:25 AM,1261.0,319,402259.0,1595646922.3499997
09:22:25 AM,1261.35,25,31533.749999999996,1595678456.0999997
09:22:26 AM,1261.15,1,1261.15,1595679717.2499998
09:22:26 AM,1261.35,0,0.0,1595679717.2499998
09:22:27 AM,1261.35,120,151362.0,1595831079.2499998
09:22:27 AM,1261.35,57,71896.95,1595902976.1999998
09:22:29 AM,1261.35,100,126134.99999999999,1596029111.1999998
09:22:29 AM,1261.35,16,20181.6,1596049292.7999997
09:22:30 AM,1261.05,0,0.0,1596049292.7999997
09:22:30 AM,1261.05,50,63052.5,1596112345.2999997
09:22:31 AM,1261.2,1255,1582806.0,1597695151.2999997
09:22:32 AM,1260.9,111,139959.90000000002,1597835111.1999998
09:22:32 AM,1261.0,0,0.0,1597835111.1999998
09:22:32 AM,1261.0,124,156364.0,1597991475.1999998
09:22:33 AM,1261.15,4,5044.6,1597996519.7999997
09:22:33 AM,1261.35,400,504539.99999999994,1598501059.7999997
09:22:33 AM,1261.0,0,0.0,1598501059.7999997
09:22:34 AM,1260.75,554,698455.5,1599199515.2999997
09:22:35 AM,1261.3,134,169014.19999999998,1599368529.4999998
09:22:35 AM,1261.1,0,0.0,1599368529.4999998
09:22:35 AM,1261.1,1,1261.1,1599369790.5999997
09:22:36 AM,1261.2,9,11350.800000000001,1599381141.3999996
09:22:36 AM,1261.35,0,0.0,1599381141.3999996
09:22:36 AM,1261.2,0,0.0,1599381141.3999996
09:22:36 AM,1261.45,945,1192070.25,1600573211.6499996
09:22:37 AM,1261.45,144,181648.80000000002,1600754860.4499996
09:22:38 AM,1261.2,158,199269.6,1600954130.0499995
09:22:39 AM,1261.45,0,0.0,1600954130.0499995
09:22:39 AM,1261.45,104,131190.80000000002,1601085320.8499994
09:22:40 AM,1261.05,500,630525.0,1601715845.8499994
09:22:40 AM,1261.45,0,0.0,1601715845.8499994
09:22:40 AM,1261.1,0,0.0,1601715845.8499994
09:22:40 AM,1261.1,67,84493.7,1601800339.5499995
09:22:41 AM,1261.45,0,0.0,1601800339.5499995
09:22:41 AM,1261.45,7,8830.15,1601809169.6999996
09:22:42 AM,1261.45,223,281303.35000000003,1602090473.0499995
09:22:43 AM,1261.4,0,0.0,1602090473.0499995
09:22:43 AM,1261.4,6,7568.400000000001,1602098041.4499996
09:22:44 AM,1261.0,0,0.0,1602098041.4499996
09:22:44 AM,1261.0,270,340470.0,1602438511.4499996
09:22:45 AM,1261.2,0,0.0,1602438511.4499996
09:22:45 AM,1261.2,1,1261.2,1602439772.6499996
09:22:47 AM,1261.0,0,0.0,1602439772.6499996
09:22:47 AM,1260.95,0,0.0,1602439772.6499996
09:22:47 AM,1260.95,5,6304.75,1602446077.3999996
09:22:48 AM,1260.7,0,0.0,1602446077.3999996
09:22:48 AM,1260.75,0,0.0,1602446077.3999996
09:22:48 AM,1260.75,198,249628.5,1602695705.8999996
09:22:49 AM,1260.6,0,0.0,1602695705.8999996
09:22:49 AM,1260.65,0,0.0,1602695705.8999996
09:22:49 AM,1260.65,220,277343.0,1602973048.8999996
09:22:50 AM,1260.65,34,42862.100000000006,1603015910.9999995
09:22:50 AM,1260.6,0,0.0,1603015910.9999995
09:22:50 AM,1260.6,264,332798.39999999997,1603348709.3999996
09:22:51 AM,1260.35,0,0.0,1603348709.3999996
09:22:51 AM,1260.35,337,424737.94999999995,1603773447.3499997
09:22:52 AM,1260.6,1,1260.6,1603774707.9499996
09:22:52 AM,1260.55,0,0.0,1603774707.9499996
09:22:52 AM,1260.55,105,132357.75,1603907065.6999996
09:22:53 AM,1260.55,301,379425.55,1604286491.2499995
09:22:54 AM,1260.55,40,50422.0,1604336913.2499995
09:22:55 AM,1260.0,0,0.0,1604336913.2499995
09:22:55 AM,1260.0,823,1036980.0,1605373893.2499995
09:22:56 AM,1260.4,2,2520.8,1605376414.0499995
09:22:56 AM,1260.0,0,0.0,1605376414.0499995
09:22:56 AM,1260.05,0,0.0,1605376414.0499995
09:22:56 AM,1260.15,389,490198.35000000003,1605866612.3999994
09:22:57 AM,1260.4,0,0.0,1605866612.3999994
09:22:57 AM,1260.4,149,187799.6,1606054411.9999993
09:22:58 AM,1260.3,0,0.0,1606054411.9999993
09:22:58 AM,1260.1,124,156252.4,1606210664.3999994
09:22:59 AM,1260.3,20,25206.0,1606235870.3999994
09:22:59 AM,1260.1,0,0.0,1606235870.3999994
09:22:59 AM,1260.1,1,1260.1,1606237130.4999993
09:23:00 AM,1260.3,0,0.0,1606237130.4999993
09:23:00 AM,1260.1,0,0.0,1606237130.4999993
09:23:00 AM,1260.0,510,642600.0,1606879730.4999993
09:23:01 AM,1260.3,40,50412.0,1606930142.4999993
09:23:01 AM,1260.2,0,0.0,1606930142.4999993
09:23:01 AM,1260.2,37,46627.4,1606976769.8999994
09:23:02 AM,1260.1,0,0.0,1606976769.8999994
09:23:02 AM,1260.0,0,0.0,1606976769.8999994
09:23:02 AM,1260.0,110,138600.0,1607115369.8999994
09:23:03 AM,1260.1,0,0.0,1607115369.8999994
09:23:03 AM,1260.15,0,0.0,1607115369.8999994
09:23:04 AM,1260.05,1320,1663266.0,1608778635.8999994
09:23:04 AM,1260.55,0,0.0,1608778635.8999994
09:23:05 AM,1261.1,3565,4495821.5,1613274457.3999994
09:23:05 AM,1261.25,650,819812.5,1614094269.8999994
09:23:05 AM,1261.15,0,0.0,1614094269.8999994
09:23:05 AM,1260.55,0,0.0,1614094269.8999994
09:23:06 AM,1260.9,1723,2172530.7,1616266800.5999994
09:23:06 AM,1260.6,0,0.0,1616266800.5999994
09:23:06 AM,1260.5,0,0.0,1616266800.5999994
09:23:07 AM,1260.4,836,1053694.4000000001,1617320494.9999995
09:23:07 AM,1261.0,0,0.0,1617320494.9999995
09:23:08 AM,1260.5,1251,1576885.5,1618897380.4999995
09:23:08 AM,1260.8,0,0.0,1618897380.4999995
09:23:09 AM,1260.8,1,1260.8,1618898641.2999995
09:23:09 AM,1260.45,46,57980.700000000004,1618956621.9999995
09:23:09 AM,1260.4,0,0.0,1618956621.9999995
09:23:09 AM,1260.65,0,0.0,1618956621.9999995
09:23:10 AM,1260.4,4270,5381908.0,1624338529.9999995
09:23:11 AM,1260.25,0,0.0,1624338529.9999995
09:23:11 AM,1260.65,10,12606.5,1624351136.4999995
09:23:12 AM,1260.65,43,54207.950000000004,1624405344.4499996
09:23:12 AM,1260.3,0,0.0,1624405344.4499996
09:23:12 AM,1260.3,145,182743.5,1624588087.9499996
09:23:13 AM,1260.6,0,0.0,1624588087.9499996
09:23:13 AM,1260.6,331,417258.6,1625005346.5499995
09:23:13 AM,1260.3,0,0.0,1625005346.5499995
09:23:14 AM,1260.3,1,1260.3,1625006606.8499994
09:23:14 AM,1260.55,0,0.0,1625006606.8499994
09:23:14 AM,1260.3,800,1008240.0,1626014846.8499994
09:23:15 AM,1260.25,193,243228.25,1626258075.0999994
09:23:16 AM,1260.55,0,0.0,1626258075.0999994
09:23:16 AM,1260.25,193,243228.25,1626501303.3499994
09:23:17 AM,1260.3,0,0.0,1626501303.3499994
09:23:17 AM,1260.3,390,491517.0,1626992820.3499994
09:23:17 AM,1260.5,0,0.0,1626992820.3499994
09:23:18 AM,1260.5,2150,2710075.0,1629702895.3499994
09:23:18 AM,1260.05,0,0.0,1629702895.3499994
09:23:18 AM,1260.05,1,1260.05,1629704155.3999994
09:23:18 AM,1260.45,0,0.0,1629704155.3999994
09:23:19 AM,1260.45,25,31511.25,1629735666.6499994
09:23:19 AM,1260.45,208,262173.60000000003,1629997840.2499993
09:23:20 AM,1260.1,0,0.0,1629997840.2499993
09:23:20 AM,1260.1,85,107108.49999999999,1630104948.7499993
09:23:21 AM,1260.4,0,0.0,1630104948.7499993
09:23:21 AM,1260.0,455,573300.0,1630678248.7499993
09:23:22 AM,1260.0,311,391860.0,1631070108.7499993
09:23:23 AM,1260.55,0,0.0,1631070108.7499993
09:23:23 AM,1260.45,58,73106.1,1631143214.8499992
09:23:24 AM,1260.35,0,0.0,1631143214.8499992
09:23:24 AM,1260.45,111,139909.95,1631283124.7999992
09:23:26 AM,1260.35,56,70579.59999999999,1631353704.3999991
09:23:26 AM,1260.45,0,0.0,1631353704.3999991
09:23:26 AM,1260.45,55,69324.75,1631423029.1499991
09:23:27 AM,1260.35,0,0.0,1631423029.1499991
09:23:27 AM,1260.3,139,175181.69999999998,1631598210.8499992
09:23:27 AM,1260.15,0,0.0,1631598210.8499992
09:23:28 AM,1260.15,6,7560.900000000001,1631605771.7499993
09:23:28 AM,1260.1,0,0.0,1631605771.7499993
09:23:28 AM,1260.1,246,309984.6,1631915756.3499992
09:23:29 AM,1260.2,0,0.0,1631915756.3499992
09:23:29 AM,1260.2,349,439809.8,1632355566.1499991
09:23:31 AM,1260.05,100,126005.0,1632481571.1499991
09:23:32 AM,1260.05,5,6300.25,1632487871.3999991
09:23:32 AM,1260.1,475,598547.5,1633086418.8999991
09:23:32 AM,1260.2,0,0.0,1633086418.8999991
09:23:33 AM,1260.2,326,410825.2,1633497244.0999992
09:23:33 AM,1260.2,50,63010.0,1633560254.0999992
09:23:34 AM,1260.1,0,0.0,1633560254.0999992
09:23:34 AM,1260.0,457,575820.0,1634136074.0999992
09:23:35 AM,1260.1,230,289823.0,1634425897.0999992
09:23:35 AM,1260.0,0,0.0,1634425897.0999992
09:23:36 AM,1260.0,30,37800.0,1634463697.0999992
09:23:36 AM,1260.2,0,0.0,1634463697.0999992
09:23:36 AM,1260.2,6,7561.200000000001,1634471258.2999992
09:23:37 AM,1260.0,0,0.0,1634471258.2999992
09:23:37 AM,1260.2,215,270943.0,1634742201.2999992
09:23:38 AM,1260.2,249,313789.8,1635055991.0999992
09:23:38 AM,1260.25,0,0.0,1635055991.0999992
09:23:38 AM,1260.25,907,1143046.75,1636199037.8499992
09:23:39 AM,1260.25,500,630125.0,1636829162.8499992
09:23:39 AM,1260.25,24,30246.0,1636859408.8499992
09:23:39 AM,1260.45,0,0.0,1636859408.8499992
09:23:40 AM,1260.6,769,969401.3999999999,1637828810.2499993
09:23:40 AM,1261.15,0,0.0,1637828810.2499993
09:23:40 AM,1260.6,1576,1986705.5999999999,1639815515.8499992
09:23:42 AM,1260.55,0,0.0,1639815515.8499992
09:23:42 AM,1261.15,0,0.0,1639815515.8499992
09:23:42 AM,1261.15,1022,1288895.3,1641104411.1499991
09:23:43 AM,1261.2,0,0.0,1641104411.1499991
09:23:43 AM,1261.15,0,0.0,1641104411.1499991
09:23:43 AM,1261.15,344,433835.60000000003,1641538246.749999
09:23:44 AM,1261.35,0,0.0,1641538246.749999
09:23:44 AM,1261.4,0,0.0,1641538246.749999
09:23:44 AM,1261.4,744,938481.6000000001,1642476728.349999
09:23:45 AM,1261.35,1,1261.35,1642477989.6999989
09:23:45 AM,1261.5,0,0.0,1642477989.6999989
09:23:45 AM,1261.95,0,0.0,1642477989.6999989
09:23:46 AM,1261.95,256,323059.2,1642801048.899999
09:23:46 AM,1262.0,0,0.0,1642801048.899999
09:23:46 AM,1261.75,0,0.0,1642801048.899999
09:23:47 AM,1261.75,396,499653.0,1643300701.899999
09:23:47 AM,1262.0,0,0.0,1643300701.899999
09:23:48 AM,1262.0,524,661288.0,1643961989.899999
09:23:48 AM,1261.75,1,1261.75,1643963251.649999
09:23:48 AM,1261.9,0,0.0,1643963251.649999
09:23:49 AM,1261.75,174,219544.5,1644182796.149999
09:23:49 AM,1261.75,10,12617.5,1644195413.649999
09:23:50 AM,1262.05,928,1171182.4,1645366596.049999
09:23:50 AM,1262.1,0,0.0,1645366596.049999
09:23:51 AM,1262.1,390,492218.99999999994,1645858815.049999
09:23:51 AM,1262.1,20,25242.0,1645884057.049999
09:23:51 AM,1261.85,0,0.0,1645884057.049999
09:23:51 AM,1262.2,0,0.0,1645884057.049999
09:23:52 AM,1262.2,413,521288.60000000003,1646405345.649999
09:23:52 AM,1261.8,0,0.0,1646405345.649999
09:23:53 AM,1261.8,347,437844.6,1646843190.2499988
09:23:53 AM,1261.8,204,257407.19999999998,1647100597.4499989
09:23:53 AM,1261.35,0,0.0,1647100597.4499989
09:23:54 AM,1261.35,130,163975.5,1647264572.9499989
09:23:54 AM,1261.8,0,0.0,1647264572.9499989
09:23:55 AM,1261.8,1,1261.8,1647265834.7499988
09:23:55 AM,1261.5,0,0.0,1647265834.7499988
09:23:55 AM,1261.25,0,0.0,1647265834.7499988
09:23:56 AM,1261.25,130,163962.5,1647429797.2499988
09:23:57 AM,1261.35,0,0.0,1647429797.2499988
09:23:57 AM,1261.35,98,123612.29999999999,1647553409.5499988
09:23:57 AM,1261.3,0,0.0,1647553409.5499988
09:23:57 AM,1261.4,0,0.0,1647553409.5499988
09:23:58 AM,1261.4,156,196778.40000000002,1647750187.9499989
09:23:58 AM,1261.45,5,6307.25,1647756495.1999989
09:23:59 AM,1261.45,11,13875.95,1647770371.149999
09:23:59 AM,1261.55,127,160216.85,1647930587.9999988
09:23:59 AM,1261.35,0,0.0,1647930587.9999988
09:23:59 AM,1261.3,0,0.0,1647930587.9999988
09:24:00 AM,1261.3,373,470464.89999999997,1648401052.899999
09:24:00 AM,1261.45,0,0.0,1648401052.899999
09:24:01 AM,1261.45,4,5045.8,1648406098.6999989
09:24:01 AM,1261.35,1,1261.35,1648407360.0499988
09:24:01 AM,1261.25,0,0.0,1648407360.0499988
09:24:01 AM,1261.35,0,0.0,1648407360.0499988
09:24:02 AM,1261.35,30,37840.5,1648445200.5499988
09:24:02 AM,1261.2,244,307732.8,1648752933.3499987
09:24:02 AM,1261.3,0,0.0,1648752933.3499987
09:24:03 AM,1261.3,4,5045.2,1648757978.5499988
09:24:03 AM,1261.0,0,0.0,1648757978.5499988
09:24:03 AM,1260.95,0,0.0,1648757978.5499988
09:24:04 AM,1260.95,423,533381.85,1649291360.3999987
09:24:04 AM,1261.1,0,0.0,1649291360.3999987
09:24:04 AM,1261.05,0,0.0,1649291360.3999987
09:24:05 AM,1261.05,58,73140.9,1649364501.2999988
09:24:05 AM,1261.1,17,21438.699999999997,1649385939.9999988
09:24:07 AM,1261.1,1,1261.1,1649387201.0999987
09:24:07 AM,1260.7,0,0.0,1649387201.0999987
09:24:07 AM,1260.7,270,340389.0,1649727590.0999987
09:24:07 AM,1260.9,0,0.0,1649727590.0999987
09:24:08 AM,1260.9,40,50436.0,1649778026.0999987
09:24:08 AM,1260.85,21,26477.85,1649804503.9499986
09:24:09 AM,1260.8,22,27737.6,1649832241.5499985
09:24:10 AM,1260.8,2,2521.6,1649834763.1499984
09:24:10 AM,1260.7,95,119766.5,1649954529.6499984
09:24:10 AM,1260.65,0,0.0,1649954529.6499984
09:24:11 AM,1260.6,227,286156.19999999995,1650240685.8499985
09:24:12 AM,1260.55,29,36555.95,1650277241.7999985
09:24:12 AM,1260.65,1,1260.65,1650278502.4499986
09:24:13 AM,1260.7,799,1007299.3,1651285801.7499986
09:24:13 AM,1260.7,65,81945.5,1651367747.2499986
09:24:14 AM,1260.65,0,0.0,1651367747.2499986
09:24:14 AM,1260.65,3,3781.9500000000003,1651371529.1999986
09:24:14 AM,1260.9,20,25218.0,1651396747.1999986
09:24:15 AM,1260.9,98,123568.20000000001,1651520315.3999987
09:24:16 AM,1260.65,0,0.0,1651520315.3999987
09:24:16 AM,1260.65,60,75639.0,1651595954.3999987
09:24:16 AM,1260.75,700,882525.0,1652478479.3999987
09:24:17 AM,1260.55,0,0.0,1652478479.3999987
09:24:17 AM,1260.55,47,59245.85,1652537725.2499986
09:24:17 AM,1260.8,0,0.0,1652537725.2499986
09:24:18 AM,1260.8,9,11347.199999999999,1652549072.4499986
09:24:18 AM,1260.5,0,0.0,1652549072.4499986
09:24:18 AM,1260.5,575,724787.5,1653273859.9499986
09:24:18 AM,1260.25,0,0.0,1653273859.9499986
09:24:19 AM,1260.3,289,364226.7,1653638086.6499987
09:24:19 AM,1260.55,0,0.0,1653638086.6499987
09:24:20 AM,1260.55,31,39077.049999999996,1653677163.6999986
09:24:20 AM,1260.3,0,0.0,1653677163.6999986
09:24:20 AM,1260.3,43,54192.9,1653731356.5999987
09:24:21 AM,1260.55,1,1260.55,1653732617.1499987
09:24:21 AM,1260.55,20,25211.0,1653757828.1499987
09:24:22 AM,1260.55,50,63027.5,1653820855.6499987
09:24:22 AM,1260.25,0,0.0,1653820855.6499987
09:24:22 AM,1260.25,733,923763.25,1654744618.8999987
09:24:22 AM,1260.55,0,0.0,1654744618.8999987
09:24:23 AM,1260.25,97,122244.25,1654866863.1499987
09:24:23 AM,1260.25,130,163832.5,1655030695.6499987
09:24:23 AM,1260.45,0,0.0,1655030695.6499987
09:24:24 AM,1260.45,12,15125.400000000001,1655045821.0499988
09:24:24 AM,1260.25,0,0.0,1655045821.0499988
09:24:24 AM,1260.25,5,6301.25,1655052122.2999988
09:24:25 AM,1260.25,1,1260.25,1655053382.5499988
09:24:27 AM,1260.25,23,28985.75,1655082368.2999988
09:24:28 AM,1260.25,15,18903.75,1655101272.0499988
09:24:28 AM,1260.3,0,0.0,1655101272.0499988
09:24:28 AM,1260.25,248,312542.0,1655413814.0499988
09:24:29 AM,1260.25,1701,2143685.25,1657557499.2999988
09:24:29 AM,1260.25,961,1211100.25,1658768599.5499988
09:24:30 AM,1260.25,50,63012.5,1658831612.0499988
09:24:30 AM,1260.25,11,13862.75,1658845474.7999988
09:24:31 AM,1260.2,0,0.0,1658845474.7999988
09:24:32 AM,1260.2,930,1171986.0,1660017460.7999988
09:24:32 AM,1260.15,0,0.0,1660017460.7999988
09:24:33 AM,1260.15,377,475076.55000000005,1660492537.3499987
09:24:33 AM,1260.05,0,0.0,1660492537.3499987
09:24:33 AM,1259.95,0,0.0,1660492537.3499987
09:24:34 AM,1259.95,3341,4209492.95,1664702030.2999988
09:24:34 AM,1260.0,0,0.0,1664702030.2999988
09:24:35 AM,1260.0,3,3780.0,1664705810.2999988
09:24:35 AM,1260.1,0,0.0,1664705810.2999988
09:24:36 AM,1260.0,705,888300.0,1665594110.2999988
09:24:37 AM,1259.9,0,0.0,1665594110.2999988
09:24:37 AM,1260.0,0,0.0,1665594110.2999988
09:24:38 AM,1260.0,426,536760.0,1666130870.2999988
09:24:38 AM,1259.9,0,0.0,1666130870.2999988
09:24:38 AM,1259.55,0,0.0,1666130870.2999988
09:24:39 AM,1259.55,144,181375.19999999998,1666312245.4999988
09:24:39 AM,1259.9,0,0.0,1666312245.4999988
09:24:40 AM,1259.9,100,125990.00000000001,1666438235.4999988
09:24:40 AM,1259.9,5,6299.5,1666444534.9999988
09:24:40 AM,1259.55,0,0.0,1666444534.9999988
09:24:41 AM,1259.55,550,692752.5,1667137287.4999988
09:24:42 AM,1259.55,1,1259.55,1667138547.0499988
09:24:42 AM,1259.75,0,0.0,1667138547.0499988
09:24:43 AM,1259.75,91,114637.25,1667253184.2999988
09:24:44 AM,1259.75,30,37792.5,1667290976.7999988
09:24:45 AM,1260.0,1354,1706040.0,1668997016.7999988
09:24:45 AM,1259.9,0,0.0,1668997016.7999988
09:24:46 AM,1259.9,100,125990.00000000001,1669123006.7999988
09:24:46 AM,1259.5,0,0.0,1669123006.7999988
09:24:47 AM,1259.5,242,304799.0,1669427805.7999988
09:24:47 AM,1259.9,0,0.0,1669427805.7999988
09:24:48 AM,1259.9,105,132289.5,1669560095.2999988
09:24:48 AM,1259.55,15,18893.25,1669578988.5499988
09:24:48 AM,1259.9,0,0.0,1669578988.5499988
09:24:49 AM,1259.85,150,188977.5,1669767966.0499988
09:24:51 AM,1259.45,0,0.0,1669767966.0499988
09:24:52 AM,1259.75,51,64247.25,1669832213.2999988
09:24:52 AM,1259.2,0,0.0,1669832213.2999988
09:24:53 AM,1259.15,423,532620.4500000001,1670364833.7499988
09:24:53 AM,1259.1,0,0.0,1670364833.7499988
09:24:54 AM,1259.1,91,114578.09999999999,1670479411.8499987
09:24:54 AM,1259.5,0,0.0,1670479411.8499987
09:24:55 AM,1259.5,16,20152.0,1670499563.8499987
09:24:55 AM,1259.1,0,0.0,1670499563.8499987
09:24:56 AM,1259.4,24,30225.600000000002,1670529789.4499986
09:24:56 AM,1259.1,0,0.0,1670529789.4499986
09:24:57 AM,1259.1,21,26441.1,1670556230.5499985
09:24:57 AM,1259.4,68,85639.20000000001,1670641869.7499986
09:24:57 AM,1259.1,0,0.0,1670641869.7499986
09:24:58 AM,1259.4,41,51635.4,1670693505.1499987
09:24:58 AM,1259.2,0,0.0,1670693505.1499987
09:24:58 AM,1259.4,54,68007.6,1670761512.7499986
09:24:59 AM,1259.2,0,0.0,1670761512.7499986
09:24:59 AM,1259.2,161,202731.2,1670964243.9499986
09:25:00 AM,1259.4,0,0.0,1670964243.9499986
09:25:00 AM,1259.4,321,404267.4,1671368511.3499987
09:25:01 AM,1259.3,0,0.0,1671368511.3499987
09:25:01 AM,1259.3,564,710245.2,1672078756.5499988
09:25:01 AM,1259.4,100,125940.00000000001,1672204696.5499988
09:25:02 AM,1259.35,207,260685.44999999998,1672465381.9999988
09:25:03 AM,1259.35,42,52892.7,1672518274.6999989
09:25:03 AM,1259.4,0,0.0,1672518274.6999989
09:25:04 AM,1259.4,107,134755.80000000002,1672653030.4999988
09:25:04 AM,1259.4,4,5037.6,1672658068.0999987
09:25:04 AM,1259.35,0,0.0,1672658068.0999987
09:25:05 AM,1259.35,50,62967.49999999999,1672721035.5999987
09:25:06 AM,1259.35,24,30224.399999999998,1672751259.9999988
09:25:06 AM,1259.35,154,193939.9,1672945199.899999
09:25:07 AM,1259.35,1,1259.35,1672946459.2499988
09:25:07 AM,1259.4,0,0.0,1672946459.2499988
09:25:08 AM,1259.4,178,224173.2,1673170632.4499989
09:25:08 AM,1259.1,222,279520.19999999995,1673450152.649999
09:25:09 AM,1259.1,100,125909.99999999999,1673576062.649999
09:25:10 AM,1259.1,54,67991.4,1673644054.049999
09:25:11 AM,1259.05,641,807051.0499999999,1674451105.099999
09:25:11 AM,1258.0,22304,28058432.0,1702509537.099999
09:25:12 AM,1258.7,0,0.0,1702509537.099999
09:25:12 AM,1258.7,699,879831.3,1703389368.399999
09:25:13 AM,1259.1,2788,3510370.8,1706899739.1999989
09:25:13 AM,1259.0,0,0.0,1706899739.1999989
09:25:13 AM,1258.5,0,0.0,1706899739.1999989
09:25:14 AM,1258.5,445,560032.5,1707459771.6999989
09:25:14 AM,1258.5,101,127108.5,1707586880.1999989
09:25:14 AM,1258.9,0,0.0,1707586880.1999989
09:25:14 AM,1258.5,0,0.0,1707586880.1999989
09:25:15 AM,1258.5,820,1031970.0,1708618850.1999989
09:25:15 AM,1258.4,0,0.0,1708618850.1999989
09:25:15 AM,1258.4,300,377520.0,1708996370.1999989
09:25:16 AM,1258.9,2,2517.8,1708998887.9999988
09:25:16 AM,1258.95,0,0.0,1708998887.9999988
09:25:17 AM,1258.95,501,630733.9500000001,1709629621.9499989
09:25:17 AM,1259.2,500,629600.0,1710259221.9499989
09:25:18 AM,1258.9,566,712537.4,1710971759.349999
09:25:18 AM,1259.2,0,0.0,1710971759.349999
09:25:19 AM,1259.0,424,533816.0,1711505575.349999
09:25:20 AM,1258.5,20,25170.0,1711530745.349999
09:25:20 AM,1258.6,110,138446.0,1711669191.349999
09:25:22 AM,1259.0,350,440650.0,1712109841.349999
09:25:22 AM,1259.25,0,0.0,1712109841.349999
09:25:22 AM,1259.3,0,0.0,1712109841.349999
09:25:23 AM,1259.3,4370,5503141.0,1717612982.349999
09:25:24 AM,1259.75,938,1181645.5,1718794627.849999
09:25:24 AM,1259.5,0,0.0,1718794627.849999
09:25:25 AM,1259.75,535,673966.25,1719468594.099999
09:25:25 AM,1259.5,1,1259.5,1719469853.599999
09:25:26 AM,1259.7,0,0.0,1719469853.599999
09:25:26 AM,1259.6,6,7557.599999999999,1719477411.1999989
09:25:27 AM,1259.6,12,15115.199999999999,1719492526.399999
09:25:28 AM,1259.6,121,152411.59999999998,1719644937.9999988
09:25:29 AM,1259.6,25,31489.999999999996,1719676427.9999988
09:25:30 AM,1259.6,529,666328.3999999999,1720342756.399999
09:25:30 AM,1259.65,0,0.0,1720342756.399999
09:25:31 AM,1259.65,93,117147.45000000001,1720459903.849999
09:25:31 AM,1259.65,60,75579.0,1720535482.849999
09:25:32 AM,1259.65,361,454733.65,1720990216.499999
09:25:32 AM,1259.5,2000,2519000.0,1723509216.499999
09:25:33 AM,1259.65,1086,1367979.9000000001,1724877196.3999991
09:25:33 AM,1259.65,10,12596.5,1724889792.8999991
09:25:34 AM,1259.5,0,0.0,1724889792.8999991
09:25:34 AM,1259.5,1,1259.5,1724891052.3999991
09:25:35 AM,1259.65,0,0.0,1724891052.3999991
09:25:36 AM,1259.65,237,298537.05000000005,1725189589.449999
09:25:36 AM,1260.3,3958,4988267.399999999,1730177856.8499992
09:25:36 AM,1260.25,0,0.0,1730177856.8499992
09:25:36 AM,1259.75,0,0.0,1730177856.8499992
09:25:37 AM,1259.75,808,1017878.0,1731195734.8499992
09:25:37 AM,1260.05,0,0.0,1731195734.8499992
09:25:38 AM,1260.05,690,869434.5,1732065169.3499992
09:25:38 AM,1260.05,2,2520.1,1732067689.449999
09:25:39 AM,1259.85,150,188977.5,1732256666.949999
09:25:39 AM,1260.15,0,0.0,1732256666.949999
09:25:39 AM,1260.15,244,307476.60000000003,1732564143.549999
09:25:40 AM,1259.95,50,62997.5,1732627141.049999
09:25:41 AM,1260.15,0,0.0,1732627141.049999
09:25:41 AM,1260.2,362,456192.4,1733083333.449999
09:25:41 AM,1260.8,0,0.0,1733083333.449999
09:25:42 AM,1260.8,372,469017.6,1733552351.049999
09:25:42 AM,1260.5,2,2521.0,1733554872.049999
09:25:43 AM,1260.5,11,13865.5,1733568737.549999
09:25:43 AM,1260.6,0,0.0,1733568737.549999
09:25:44 AM,1260.5,155,195377.5,1733764115.049999
09:25:45 AM,1260.5,12,15126.0,1733779241.049999
09:25:45 AM,1260.6,0,0.0,1733779241.049999
09:25:46 AM,1260.6,100,126059.99999999999,1733905301.049999
09:25:46 AM,1260.55,0,0.0,1733905301.049999
09:25:47 AM,1260.55,318,400854.89999999997,1734306155.949999
09:25:47 AM,1260.45,0,0.0,1734306155.949999
09:25:47 AM,1260.45,395,497877.75,1734804033.699999
09:25:48 AM,1260.55,12,15126.599999999999,1734819160.299999
09:25:48 AM,1260.55,3,3781.6499999999996,1734822941.949999
09:25:48 AM,1260.3,0,0.0,1734822941.949999
09:25:49 AM,1260.55,71,89499.05,1734912440.999999
09:25:49 AM,1260.45,0,0.0,1734912440.999999
09:25:50 AM,1260.3,0,0.0,1734912440.999999
09:25:50 AM,1260.05,1505,1896375.25,1736808816.249999
09:25:50 AM,1260.45,0,0.0,1736808816.249999
09:25:50 AM,1260.45,31,39073.950000000004,1736847890.199999
09:25:51 AM,1260.55,0,0.0,1736847890.199999
09:25:51 AM,1260.55,728,917680.4,1737765570.5999992
09:25:52 AM,1260.8,0,0.0,1737765570.5999992
09:25:52 AM,1260.7,0,0.0,1737765570.5999992
09:25:52 AM,1260.7,3760,4740232.0,1742505802.5999992
09:25:53 AM,1260.6,0,0.0,1742505802.5999992
09:25:53 AM,1260.55,0,0.0,1742505802.5999992
09:25:53 AM,1260.9,2299,2898809.1,1745404611.699999
09:25:54 AM,1260.8,36,45388.799999999996,1745450000.499999
09:25:54 AM,1260.7,0,0.0,1745450000.499999
09:25:54 AM,1260.9,0,0.0,1745450000.499999
09:25:55 AM,1260.9,1420,1790478.0000000002,1747240478.499999
09:25:56 AM,1260.95,102,128616.90000000001,1747369095.3999991
09:25:57 AM,1260.95,12,15131.400000000001,1747384226.7999992
09:25:58 AM,1261.0,0,0.0,1747384226.7999992
09:25:58 AM,1261.0,704,887744.0,1748271970.7999992
09:26:00 AM,1261.0,70,88270.0,1748360240.7999992
09:26:00 AM,1261.05,0,0.0,1748360240.7999992
09:26:01 AM,1261.55,4967,6266118.85,1754626359.6499991
09:26:01 AM,1261.35,0,0.0,1754626359.6499991
09:26:02 AM,1261.1,299,377068.89999999997,1755003428.5499992
09:26:02 AM,1261.55,0,0.0,1755003428.5499992
09:26:02 AM,1261.05,0,0.0,1755003428.5499992
09:26:03 AM,1261.7,1431,1805492.7,1756808921.2499993
09:26:04 AM,1261.55,86,108493.3,1756917414.5499992
09:26:04 AM,1261.6,0,0.0,1756917414.5499992
09:26:05 AM,1262.05,0,0.0,1756917414.5499992
09:26:05 AM,1262.05,781,985661.0499999999,1757903075.5999992
09:26:05 AM,1262.25,0,0.0,1757903075.5999992
09:26:06 AM,1261.8,6,7570.799999999999,1757910646.3999991
09:26:06 AM,1261.7,0,0.0,1757910646.3999991
09:26:06 AM,1261.9,109,137547.1,1758048193.499999
09:26:07 AM,1261.9,4,5047.6,1758053241.099999
09:26:07 AM,1261.65,0,0.0,1758053241.099999
09:26:08 AM,1261.65,262,330552.30000000005,1758383793.399999
09:26:08 AM,1261.9,0,0.0,1758383793.399999
09:26:08 AM,1261.65,0,0.0,1758383793.399999
09:26:09 AM,1261.65,22,27756.300000000003,1758411549.6999989
09:26:09 AM,1261.65,747,942452.55,1759354002.2499988
09:26:09 AM,1261.9,0,0.0,1759354002.2499988
09:26:10 AM,1261.75,140,176645.0,1759530647.2499988
09:26:10 AM,1261.55,0,0.0,1759530647.2499988
09:26:11 AM,1261.55,2,2523.1,1759533170.3499987
09:26:11 AM,1261.6,397,500855.19999999995,1760034025.5499988
09:26:13 AM,1261.75,0,0.0,1760034025.5499988
09:26:13 AM,1261.75,21,26496.75,1760060522.2999988
09:26:13 AM,1261.55,0,0.0,1760060522.2999988
09:26:14 AM,1261.75,103,129960.25,1760190482.5499988
09:26:14 AM,1261.75,50,63087.5,1760253570.0499988
09:26:15 AM,1261.75,64,80752.0,1760334322.0499988
09:26:15 AM,1261.55,1,1261.55,1760335583.5999987
09:26:16 AM,1261.75,229,288940.75,1760624524.3499987
09:26:17 AM,1261.75,41,51731.75,1760676256.0999987
09:26:17 AM,1261.6,70,88312.0,1760764568.0999987
09:26:17 AM,1261.75,0,0.0,1760764568.0999987
09:26:18 AM,1261.8,501,632161.7999999999,1761396729.8999987
09:26:18 AM,1261.75,42,52993.5,1761449723.3999987
09:26:18 AM,1261.7,0,0.0,1761449723.3999987
09:26:19 AM,1261.75,140,176645.0,1761626368.3999987
09:26:19 AM,1261.7,32,40374.4,1761666742.7999988
09:26:20 AM,1261.9,266,335665.4,1762002408.1999989
09:26:21 AM,1261.75,40,50470.0,1762052878.1999989
09:26:22 AM,1261.7,317,399958.9,1762452837.099999
09:26:22 AM,1261.6,148,186716.8,1762639553.899999
09:26:23 AM,1261.65,16,20186.4,1762659740.299999
09:26:24 AM,1261.9,40,50476.0,1762710216.299999
09:26:24 AM,1261.65,146,184200.90000000002,1762894417.199999
09:26:25 AM,1261.9,7,8833.300000000001,1762903250.499999
09:26:25 AM,1261.9,50,63095.00000000001,1762966345.499999
09:26:25 AM,1261.65,0,0.0,1762966345.499999
09:26:26 AM,1261.9,10,12619.0,1762978964.499999
09:26:27 AM,1261.9,1,1261.9,1762980226.3999991
09:26:27 AM,1261.65,2,2523.3,1762982749.699999
09:26:28 AM,1261.65,31,39111.15,1763021860.8499992
09:26:29 AM,1261.65,926,1168287.9000000001,1764190148.7499993
09:26:29 AM,1261.65,25,31541.250000000004,1764221689.9999993
09:26:30 AM,1261.75,4,5047.0,1764226736.9999993
09:26:30 AM,1261.65,4,5046.6,1764231783.5999992
09:26:31 AM,1261.75,1,1261.75,1764233045.3499992
09:26:32 AM,1261.75,105,132483.75,1764365529.0999992
09:26:32 AM,1261.75,12,15141.0,1764380670.0999992
09:26:33 AM,1261.75,719,907198.25,1765287868.3499992
09:26:33 AM,1261.9,0,0.0,1765287868.3499992
09:26:34 AM,1261.9,188,237237.2,1765525105.5499992
09:26:34 AM,1262.4,1324,1671417.6,1767196523.1499991
09:26:34 AM,1262.55,0,0.0,1767196523.1499991
09:26:35 AM,1262.55,1134,1431731.7,1768628254.8499992
09:26:35 AM,1262.6,7,8838.199999999999,1768637093.0499992
09:26:35 AM,1262.2,0,0.0,1768637093.0499992
09:26:36 AM,1262.2,176,222147.2,1768859240.2499993
09:26:36 AM,1262.4,1,1262.4,1768860502.6499994
09:26:37 AM,1262.4,4,5049.6,1768865552.2499993
09:26:37 AM,1262.35,628,792755.7999999999,1769658308.0499992
09:26:37 AM,1262.45,0,0.0,1769658308.0499992
09:26:38 AM,1262.0,194,244828.0,1769903136.0499992
09:26:39 AM,1262.2,30,37866.0,1769941002.0499992
09:26:39 AM,1261.65,0,0.0,1769941002.0499992
09:26:39 AM,1261.65,231,291441.15,1770232443.1999993
09:26:40 AM,1261.65,1,1261.65,1770233704.8499994
09:26:40 AM,1262.15,0,0.0,1770233704.8499994
09:26:40 AM,1262.15,1,1262.15,1770234966.9999995
09:26:41 AM,1262.15,1,1262.15,1770236229.1499996
09:26:41 AM,1261.7,7,8831.9,1770245061.0499997
09:26:42 AM,1261.75,0,0.0,1770245061.0499997
09:26:42 AM,1261.75,21,26496.75,1770271557.7999997
09:26:42 AM,1262.1,0,0.0,1770271557.7999997
09:26:43 AM,1262.0,54,68148.0,1770339705.7999997
09:26:43 AM,1261.75,0,0.0,1770339705.7999997
09:26:43 AM,1261.75,22,27758.5,1770367464.2999997
09:26:44 AM,1262.0,13,16406.0,1770383870.2999997
09:26:44 AM,1262.0,40,50480.0,1770434350.2999997
09:26:45 AM,1261.9,0,0.0,1770434350.2999997
09:26:45 AM,1261.8,2202,2778483.6,1773212833.8999996
09:26:46 AM,1261.75,249,314175.75,1773527009.6499996
09:26:47 AM,1261.8,18,22712.399999999998,1773549722.0499997
09:26:47 AM,1261.7,0,0.0,1773549722.0499997
09:26:47 AM,1261.7,47,59299.9,1773609021.9499998
09:26:48 AM,1261.65,12,15139.800000000001,1773624161.7499998
09:26:49 AM,1261.6,0,0.0,1773624161.7499998
09:26:49 AM,1261.6,3029,3821386.4,1777445548.1499999
09:26:49 AM,1261.55,0,0.0,1777445548.1499999
09:26:50 AM,1261.55,315,397388.25,1777842936.3999999
09:26:50 AM,1261.55,1,1261.55,1777844197.9499998
09:26:51 AM,1261.6,0,0.0,1777844197.9499998
09:26:51 AM,1261.6,247,311615.19999999995,1778155813.1499999
09:26:52 AM,1261.75,0,0.0,1778155813.1499999
09:26:52 AM,1261.75,7,8832.25,1778164645.3999999
09:26:53 AM,1261.65,21,26494.65,1778191140.05
09:26:53 AM,1261.65,11,13878.150000000001,1778205018.2
09:26:54 AM,1261.45,2780,3506831.0,1781711849.2
09:26:54 AM,1261.25,265,334231.25,1782046080.45
09:26:55 AM,1261.55,0,0.0,1782046080.45
09:26:55 AM,1261.55,80,100924.0,1782147004.45
09:26:56 AM,1261.35,6,7568.099999999999,1782154572.55
09:26:58 AM,1261.55,0,0.0,1782154572.55
09:26:58 AM,1261.45,260,327977.0,1782482549.55
09:27:00 AM,1261.5,0,0.0,1782482549.55
09:27:00 AM,1261.6,1401,1767501.5999999999,1784250051.1499999
09:27:01 AM,1261.7,135,170329.5,1784420380.6499999
09:27:02 AM,1261.75,317,399974.75,1784820355.3999999
09:27:03 AM,1261.55,0,0.0,1784820355.3999999
09:27:03 AM,1261.55,500,630775.0,1785451130.3999999
09:27:04 AM,1261.95,2058,2597093.1,1788048223.4999998
09:27:04 AM,1261.85,93,117352.04999999999,1788165575.5499997
09:27:05 AM,1261.7,0,0.0,1788165575.5499997
09:27:05 AM,1261.7,6,7570.200000000001,1788173145.7499998
09:27:06 AM,1261.85,4,5047.4,1788178193.1499999
09:27:07 AM,1261.65,1,1261.65,1788179454.8
09:27:09 AM,1261.65,1,1261.65,1788180716.45
09:27:09 AM,1261.7,0,0.0,1788180716.45
09:27:09 AM,1261.7,4,5046.8,1788185763.25
09:27:10 AM,1261.85,282,355841.69999999995,1788541604.95
09:27:11 AM,1261.55,0,0.0,1788541604.95
09:27:11 AM,1261.55,703,886869.65,1789428474.6000001
09:27:11 AM,1261.65,0,0.0,1789428474.6000001
09:27:11 AM,1261.65,5,6308.25,1789434782.8500001
09:27:12 AM,1261.85,0,0.0,1789434782.8500001
09:27:12 AM,1261.65,63,79483.95000000001,1789514266.8000002
09:27:12 AM,1261.55,0,0.0,1789514266.8000002
09:27:13 AM,1261.55,640,807392.0,1790321658.8000002
09:27:13 AM,1261.65,0,0.0,1790321658.8000002
09:27:13 AM,1261.65,73,92100.45000000001,1790413759.2500002
09:27:14 AM,1261.65,175,220788.75000000003,1790634548.0000002
09:27:15 AM,1261.6,2,2523.2,1790637071.2000003
09:27:15 AM,1261.65,0,0.0,1790637071.2000003
09:27:15 AM,1261.65,11,13878.150000000001,1790650949.3500004
09:27:16 AM,1261.65,7,8831.550000000001,1790659780.9000003
09:27:17 AM,1261.55,0,0.0,1790659780.9000003
09:27:17 AM,1261.55,8,10092.4,1790669873.3000004
09:27:18 AM,1261.65,0,0.0,1790669873.3000004
09:27:18 AM,1261.65,461,581620.65,1791251493.9500005
09:27:19 AM,1261.6,105,132468.0,1791383961.9500005
09:27:20 AM,1261.65,0,0.0,1791383961.9500005
09:27:20 AM,1261.65,4,5046.6,1791389008.5500004
09:27:20 AM,1261.65,21,26494.65,1791415503.2000005
09:27:21 AM,1261.7,0,0.0,1791415503.2000005
09:27:21 AM,1261.75,48,60564.0,1791476067.2000005
09:27:21 AM,1261.95,0,0.0,1791476067.2000005
09:27:21 AM,1261.95,1438,1814684.1,1793290751.3000004
09:27:22 AM,1261.75,0,0.0,1793290751.3000004
09:27:22 AM,1261.75,2,2523.5,1793293274.8000004
09:27:23 AM,1261.95,0,0.0,1793293274.8000004
09:27:23 AM,1261.95,2,2523.9,1793295798.7000005
09:27:24 AM,1261.75,0,0.0,1793295798.7000005
09:27:24 AM,1261.75,25,31543.75,1793327342.4500005
09:27:25 AM,1261.75,1,1261.75,1793328604.2000005
09:27:26 AM,1261.95,0,0.0,1793328604.2000005
09:27:26 AM,1261.95,1,1261.95,1793329866.1500006
09:27:27 AM,1261.7,0,0.0,1793329866.1500006
09:27:27 AM,1261.95,127,160267.65,1793490133.8000007
09:27:27 AM,1261.9,0,0.0,1793490133.8000007
09:27:27 AM,1261.75,1031,1300864.25,1794790998.0500007
09:27:28 AM,1262.05,1445,1823662.25,1796614660.3000007
09:27:29 AM,1261.95,0,0.0,1796614660.3000007
09:27:29 AM,1261.95,1108,1398240.6,1798012900.9000006
09:27:29 AM,1262.35,0,0.0,1798012900.9000006
09:27:29 AM,1262.7,334,421741.8,1798434642.7000005
09:27:30 AM,1262.9,187012,236177454.8,2034612097.5000005
09:27:30 AM,1262.95,0,0.0,2034612097.5000005
09:27:30 AM,1262.8,612,772833.6,2035384931.1000004
09:27:31 AM,1263.1,0,0.0,2035384931.1000004
09:27:31 AM,1263.35,20382,25749599.7,2061134530.8000004
09:27:32 AM,1263.25,523,660679.75,2061795210.5500004
09:27:33 AM,1263.15,234,295577.10000000003,2062090787.6500003
09:27:34 AM,1263.15,1,1263.15,2062092050.8000004
09:27:34 AM,1262.75,0,0.0,2062092050.8000004
09:27:34 AM,1262.75,676,853619.0,2062945669.8000004
09:27:35 AM,1263.3,0,0.0,2062945669.8000004
09:27:35 AM,1263.15,233,294313.95,2063239983.7500005
09:27:36 AM,1262.8,219,276553.2,2063516536.9500005
09:27:37 AM,1262.85,0,0.0,2063516536.9500005
09:27:37 AM,1262.75,220,277805.0,2063794341.9500005
09:27:38 AM,1262.85,201,253832.84999999998,2064048174.8000004
09:27:38 AM,1263.3,0,0.0,2064048174.8000004
09:27:38 AM,1263.2,20301,25644223.2,2089692398.0000005
09:27:39 AM,1263.25,1400,1768550.0,2091460948.0000005
09:27:39 AM,1263.3,4290,5419557.0,2096880505.0000005
09:27:40 AM,1263.4,1453,1835720.2000000002,2098716225.2000005
09:27:40 AM,1263.35,1811,2287926.8499999996,2101004152.0500004
09:27:41 AM,1263.45,1,1263.45,2101005415.5000005
09:27:41 AM,1263.45,673,850301.85,2101855717.3500004
09:27:42 AM,1263.45,6,7580.700000000001,2101863298.0500004
09:27:43 AM,1263.8,0,0.0,2101863298.0500004
09:27:43 AM,1263.8,3107,3926626.5999999996,2105789924.6500003
09:27:44 AM,1264.05,0,0.0,2105789924.6500003
09:27:44 AM,1264.05,304,384271.2,2106174195.8500004
09:27:45 AM,1264.05,7,8848.35,2106183044.2000003
09:27:46 AM,1263.85,0,0.0,2106183044.2000003
09:27:46 AM,1264.0,825,1042800.0,2107225844.2000003
09:27:47 AM,1264.0,19,24016.0,2107249860.2000003
09:27:48 AM,1263.65,0,0.0,2107249860.2000003
09:27:48 AM,1263.8,0,0.0,2107249860.2000003
09:27:48 AM,1263.8,6,7582.799999999999,2107257443.0000002
09:27:49 AM,1264.0,0,0.0,2107257443.0000002
09:27:49 AM,1264.0,37,46768.0,2107304211.0000002
09:27:50 AM,1264.1,0,0.0,2107304211.0000002
09:27:50 AM,1264.0,2331,2946384.0,2110250595.0000002
09:27:51 AM,1263.9,0,0.0,2110250595.0000002
09:27:51 AM,1263.9,45,56875.50000000001,2110307470.5000002
09:27:52 AM,1263.9,21,26541.9,2110334012.4000003
09:27:53 AM,1263.8,0,0.0,2110334012.4000003
09:27:53 AM,1264.1,111,140315.09999999998,2110474327.5000002
09:27:53 AM,1264.15,89,112509.35,2110586836.8500001
09:27:54 AM,1264.15,73,92282.95000000001,2110679119.8000002
09:27:55 AM,1264.1,0,0.0,2110679119.8000002
09:27:55 AM,1264.15,308,389358.2,2111068478.0000002
09:27:56 AM,1264.0,0,0.0,2111068478.0000002
09:27:56 AM,1264.0,393,496752.0,2111565230.0000002
09:27:57 AM,1264.15,271,342584.65,2111907814.6500003
09:27:58 AM,1264.1,0,0.0,2111907814.6500003
09:27:58 AM,1264.0,23,29072.0,2111936886.6500003
09:27:59 AM,1264.0,8,10112.0,2111946998.6500003
09:28:00 AM,1264.2,355,448791.0,2112395789.6500003
09:28:00 AM,1264.25,0,0.0,2112395789.6500003
09:28:00 AM,1264.25,137,173202.25,2112568991.9000003
09:28:01 AM,1264.15,81,102396.15000000001,2112671388.0500004
09:28:02 AM,1264.15,297,375452.55000000005,2113046840.6000004
09:28:02 AM,1264.2,0,0.0,2113046840.6000004
09:28:03 AM,1264.2,372,470282.4,2113517123.0000005
09:28:03 AM,1264.3,69,87236.7,2113604359.7000005
09:28:03 AM,1264.0,0,0.0,2113604359.7000005
09:28:04 AM,1264.0,56,70784.0,2113675143.7000005
09:28:04 AM,1263.75,316,399345.0,2114074488.7000005
09:28:04 AM,1263.55,0,0.0,2114074488.7000005
09:28:05 AM,1263.45,1825,2305796.25,2116380284.9500005
09:28:05 AM,1263.25,0,0.0,2116380284.9500005
09:28:06 AM,1263.45,303,382825.35000000003,2116763110.3000004
09:28:06 AM,1263.4,38,48009.200000000004,2116811119.5000005
09:28:07 AM,1263.15,1,1263.15,2116812382.6500006
09:28:08 AM,1263.3,0,0.0,2116812382.6500006
09:28:08 AM,1263.35,0,0.0,2116812382.6500006
09:28:09 AM,1263.4,510,644334.0,2117456716.6500006
09:28:09 AM,1263.3,0,0.0,2117456716.6500006
09:28:09 AM,1263.3,2,2526.6,2117459243.2500005
09:28:10 AM,1263.3,254,320878.2,2117780121.4500005
09:28:10 AM,1263.25,0,0.0,2117780121.4500005
09:28:11 AM,1263.25,2,2526.5,2117782647.9500005
09:28:11 AM,1263.1,0,0.0,2117782647.9500005
09:28:12 AM,1263.25,0,0.0,2117782647.9500005
09:28:12 AM,1263.4,3228,4078255.2,2121860903.1500006
09:28:13 AM,1263.35,0,0.0,2121860903.1500006
09:28:13 AM,1263.35,4,5053.4,2121865956.5500007
09:28:13 AM,1263.45,1021,1289982.45,2123155939.0000007
09:28:14 AM,1263.25,0,0.0,2123155939.0000007
09:28:14 AM,1263.25,8,10106.0,2123166045.0000007
09:28:15 AM,1263.5,0,0.0,2123166045.0000007
09:28:15 AM,1263.5,1453,1835865.5,2125001910.5000007
09:28:16 AM,1263.45,2,2526.9,2125004437.4000008
09:28:16 AM,1263.35,3,3790.0499999999997,2125008227.4500008
09:28:17 AM,1263.25,50,63162.5,2125071389.9500008
09:28:17 AM,1263.25,122,154116.5,2125225506.4500008
09:28:18 AM,1263.35,0,0.0,2125225506.4500008
09:28:18 AM,1263.35,89,112438.15,2125337944.6000009
09:28:19 AM,1263.45,52,65699.40000000001,2125403644.000001
09:28:19 AM,1263.7,315,398065.5,2125801709.500001
09:28:20 AM,1263.65,75,94773.75,2125896483.250001
09:28:21 AM,1263.75,0,0.0,2125896483.250001
09:28:21 AM,1263.75,118,149122.5,2126045605.750001
09:28:22 AM,1263.8,0,0.0,2126045605.750001
09:28:22 AM,1263.5,207,261544.5,2126307150.250001
09:28:23 AM,1263.5,63,79600.5,2126386750.750001
09:28:25 AM,1263.7,0,0.0,2126386750.750001
09:28:25 AM,1263.7,21,26537.7,2126413288.450001
09:28:26 AM,1263.4,0,0.0,2126413288.450001
09:28:27 AM,1263.75,1008,1273860.0,2127687148.450001
09:28:27 AM,1263.7,22,27801.4,2127714949.850001
09:28:28 AM,1263.75,100,126375.0,2127841324.850001
09:28:29 AM,1263.55,10,12635.5,2127853960.350001
09:28:30 AM,1263.55,1,1263.55,2127855223.900001
09:28:30 AM,1263.55,28,35379.4,2127890603.3000011
09:28:31 AM,1263.7,10,12637.0,2127903240.3000011
09:28:32 AM,1263.7,2,2527.4,2127905767.7000012
09:28:32 AM,1263.65,0,0.0,2127905767.7000012
09:28:33 AM,1263.75,857,1083033.75,2128988801.4500012
09:28:33 AM,1263.75,891,1126001.25,2130114802.7000012
09:28:34 AM,1263.75,198,250222.5,2130365025.2000012
09:28:35 AM,1263.75,107,135221.25,2130500246.4500012
09:28:35 AM,1263.75,3,3791.25,2130504037.7000012
09:28:35 AM,1263.55,0,0.0,2130504037.7000012
09:28:36 AM,1263.55,1,1263.55,2130505301.2500012
09:28:36 AM,1263.75,240,303300.0,2130808601.2500012
09:28:37 AM,1263.75,5,6318.75,2130814920.0000012
09:28:37 AM,1263.55,732,924918.6,2131739838.600001
09:28:38 AM,1263.75,0,0.0,2131739838.600001
09:28:39 AM,1263.75,145,183243.75,2131923082.350001
09:28:39 AM,1263.75,490,619237.5,2132542319.850001
09:28:40 AM,1263.5,0,0.0,2132542319.850001
09:28:40 AM,1263.5,45,56857.5,2132599177.350001
09:28:40 AM,1263.55,0,0.0,2132599177.350001
09:28:41 AM,1263.7,0,0.0,2132599177.350001
09:28:41 AM,1263.55,341,430870.55,2133030047.900001
09:28:41 AM,1263.45,0,0.0,2133030047.900001
09:28:42 AM,1263.45,403,509170.35000000003,2133539218.250001
09:28:42 AM,1263.65,4,5054.6,2133544272.8500009
09:28:43 AM,1263.2,0,0.0,2133544272.8500009
09:28:43 AM,1263.2,4176,5275123.2,2138819396.050001
09:28:43 AM,1263.3,21,26529.3,2138845925.3500009
09:28:44 AM,1263.1,0,0.0,2138845925.3500009
09:28:44 AM,1263.1,35,44208.5,2138890133.8500009
09:28:45 AM,1263.3,221,279189.3,2139169323.1500008
09:28:46 AM,1263.1,0,0.0,2139169323.1500008
09:28:47 AM,1263.1,6,7578.599999999999,2139176901.7500007
09:28:47 AM,1263.2,1,1263.2,2139178164.9500008
09:28:47 AM,1263.1,0,0.0,2139178164.9500008
09:28:48 AM,1263.1,151,190728.09999999998,2139368893.0500007
09:28:48 AM,1263.2,100,126320.0,2139495213.0500007
09:28:49 AM,1263.0,761,961143.0,2140456356.0500007
09:28:50 AM,1263.0,2,2526.0,2140458882.0500007
09:28:51 AM,1263.1,498,629023.7999999999,2141087905.8500006
09:28:52 AM,1263.2,0,0.0,2141087905.8500006
09:28:52 AM,1263.1,112,141467.19999999998,2141229373.0500007
09:28:52 AM,1263.1,24,30314.399999999998,2141259687.4500008
09:28:53 AM,1263.15,0,0.0,2141259687.4500008
09:28:53 AM,1263.15,19,23999.850000000002,2141283687.3000007
09:28:53 AM,1263.1,1,1263.1,2141284950.4000006
09:28:54 AM,1263.2,0,0.0,2141284950.4000006
09:28:54 AM,1263.2,159,200848.80000000002,2141485799.2000005
09:28:54 AM,1263.15,232,293050.80000000005,2141778850.0000005
09:28:55 AM,1263.3,0,0.0,2141778850.0000005
09:28:55 AM,1263.3,700,884310.0,2142663160.0000005
09:28:55 AM,1263.3,1700,2147610.0,2144810770.0000005
09:28:56 AM,1263.15,0,0.0,2144810770.0000005
09:28:56 AM,1263.15,75,94736.25,2144905506.2500005
09:28:56 AM,1263.15,317,400418.55000000005,2145305924.8000004
09:28:57 AM,1263.15,1,1263.15,2145307187.9500005
09:28:57 AM,1263.2,2,2526.4,2145309714.3500006
09:28:58 AM,1263.15,0,0.0,2145309714.3500006
09:28:58 AM,1263.1,751,948588.1,2146258302.4500005
09:28:58 AM,1263.25,1,1263.25,2146259565.7000005
09:28:59 AM,1263.2,0,0.0,2146259565.7000005
09:28:59 AM,1263.2,20,25264.0,2146284829.7000005
09:29:00 AM,1263.2,6,7579.200000000001,2146292408.9000006
09:29:01 AM,1263.1,0,0.0,2146292408.9000006
09:29:01 AM,1263.1,26,32840.6,2146325249.5000005
09:29:02 AM,1263.1,13,16420.3,2146341669.8000004
09:29:03 AM,1263.1,1,1263.1,2146342932.9000003
09:29:03 AM,1263.1,6,7578.599999999999,2146350511.5000002
09:29:04 AM,1263.3,1526,1927795.8,2148278307.3
09:29:04 AM,1263.2,405,511596.0,2148789903.3
09:29:05 AM,1263.3,0,0.0,2148789903.3
09:29:05 AM,1263.3,322,406782.6,2149196685.9
09:29:05 AM,1263.3,99,125066.7,2149321752.6
09:29:06 AM,1263.3,779,984110.7,2150305863.2999997
09:29:06 AM,1263.3,527,665759.1,2150971622.3999996
09:29:07 AM,1263.25,0,0.0,2150971622.3999996
09:29:07 AM,1263.25,6,7579.5,2150979201.8999996
09:29:07 AM,1263.5,3361,4246623.5,2155225825.3999996
09:29:08 AM,1263.4,5,6317.0,2155232142.3999996
09:29:09 AM,1263.4,8,10107.2,2155242249.5999994
09:29:09 AM,1263.5,1101,1391113.5,2156633363.0999994
09:29:09 AM,1263.55,0,0.0,2156633363.0999994
09:29:10 AM,1264.2,0,0.0,2156633363.0999994
09:29:10 AM,1263.65,3013,3807377.45,2160440740.549999
09:29:10 AM,1263.65,5,6318.25,2160447058.799999
09:29:10 AM,1264.0,1,1264.0,2160448322.799999
09:29:11 AM,1263.75,0,0.0,2160448322.799999
09:29:11 AM,1263.75,710,897262.5,2161345585.299999
09:29:12 AM,1264.35,0,0.0,2161345585.299999
09:29:12 AM,1264.35,695,878723.2499999999,2162224308.549999
09:29:12 AM,1263.85,366,462569.1,2162686877.649999
09:29:13 AM,1263.85,1,1263.85,2162688141.499999
09:29:14 AM,1264.35,0,0.0,2162688141.499999
09:29:14 AM,1264.35,98,123906.29999999999,2162812047.799999
09:29:14 AM,1264.3,0,0.0,2162812047.799999
09:29:15 AM,1264.45,0,0.0,2162812047.799999
09:29:15 AM,1264.45,101,127709.45000000001,2162939757.249999
09:29:15 AM,1264.3,159,201023.69999999998,2163140780.949999
09:29:15 AM,1264.75,0,0.0,2163140780.949999
09:29:16 AM,1264.65,0,0.0,2163140780.949999
09:29:16 AM,1264.65,335,423657.75000000006,2163564438.699999
09:29:16 AM,1264.85,0,0.0,2163564438.699999
09:29:17 AM,1264.85,123,155576.55,2163720015.249999
09:29:17 AM,1264.85,82,103717.7,2163823732.949999
09:29:18 AM,1264.85,1,1264.85,2163824997.7999988
09:29:18 AM,1265.0,0,0.0,2163824997.7999988
09:29:19 AM,1265.0,37,46805.0,2163871802.7999988
09:29:19 AM,1264.7,30,37941.0,2163909743.7999988
09:29:20 AM,1264.9,0,0.0,2163909743.7999988
09:29:20 AM,1264.9,30,37947.0,2163947690.7999988
09:29:20 AM,1264.7,1,1264.7,2163948955.4999986
09:29:21 AM,1264.8,0,0.0,2163948955.4999986
09:29:21 AM,1264.8,134,169483.19999999998,2164118438.6999984
09:29:22 AM,1264.85,0,0.0,2164118438.6999984
09:29:22 AM,1264.85,20,25297.0,2164143735.6999984
09:29:22 AM,1264.6,198,250390.8,2164394126.4999986
09:29:23 AM,1264.3,0,0.0,2164394126.4999986
09:29:23 AM,1264.3,1,1264.3,2164395390.7999988
09:29:23 AM,1264.3,2,2528.6,2164397919.3999987
09:29:24 AM,1264.3,2,2528.6,2164400447.9999986
09:29:24 AM,1264.35,7,8850.449999999999,2164409298.4499984
09:29:26 AM,1264.35,3,3793.0499999999997,2164413091.4999986
09:29:26 AM,1264.65,267,337661.55000000005,2164750753.0499988
09:29:27 AM,1264.65,1,1264.65,2164752017.699999
09:29:27 AM,1264.2,187,236405.4,2164988423.099999
09:29:28 AM,1264.6,0,0.0,2164988423.099999
09:29:28 AM,1264.6,998,1262070.7999999998,2166250493.899999
09:29:28 AM,1264.35,22,27815.699999999997,2166278309.599999
09:29:29 AM,1264.2,0,0.0,2166278309.599999
09:29:29 AM,1264.2,1,1264.2,2166279573.7999988
09:29:29 AM,1264.0,1257,1588848.0,2167868421.7999988
09:29:30 AM,1264.15,0,0.0,2167868421.7999988
09:29:30 AM,1264.15,1,1264.15,2167869685.949999
09:29:30 AM,1264.1,26,32866.6,2167902552.5499988
09:29:31 AM,1264.0,20,25280.0,2167927832.5499988
09:29:31 AM,1264.15,270,341320.5,2168269153.0499988
09:29:32 AM,1263.9,0,0.0,2168269153.0499988
09:29:32 AM,1263.5,2685,3392497.5,2171661650.5499988
09:29:33 AM,1263.5,15,18952.5,2171680603.0499988
09:29:33 AM,1264.0,0,0.0,2171680603.0499988
09:29:33 AM,1264.0,11,13904.0,2171694507.0499988
09:29:34 AM,1263.5,0,0.0,2171694507.0499988
09:29:34 AM,1263.5,20,25270.0,2171719777.0499988
09:29:34 AM,1263.95,0,0.0,2171719777.0499988
09:29:34 AM,1263.5,6,7581.0,2171727358.0499988
09:29:35 AM,1263.5,12,15162.0,2171742520.0499988
09:29:35 AM,1263.9,0,0.0,2171742520.0499988
09:29:35 AM,1263.9,1,1263.9,2171743783.949999
09:29:36 AM,1263.8,0,0.0,2171743783.949999
09:29:36 AM,1263.8,263,332379.39999999997,2172076163.349999
09:29:37 AM,1263.8,50,63190.0,2172139353.349999
09:29:37 AM,1263.8,26,32858.799999999996,2172172212.149999
09:29:38 AM,1263.7,0,0.0,2172172212.149999
09:29:38 AM,1263.7,242,305815.4,2172478027.549999
09:29:38 AM,1263.8,0,0.0,2172478027.549999
09:29:38 AM,1263.8,243,307103.39999999997,2172785130.9499993
09:29:39 AM,1263.8,3,3791.3999999999996,2172788922.3499994
09:29:39 AM,1263.9,0,0.0,2172788922.3499994
09:29:39 AM,1263.9,296,374114.4,2173163036.7499995
09:29:40 AM,1263.9,7,8847.300000000001,2173171884.0499997
09:29:40 AM,1263.95,0,0.0,2173171884.0499997
09:29:40 AM,1263.95,389,491676.55000000005,2173663560.6
09:29:41 AM,1264.0,856,1081984.0,2174745544.6
09:29:42 AM,1264.0,290,366560.0,2175112104.6
09:29:42 AM,1264.0,99,125136.0,2175237240.6
09:29:43 AM,1263.85,262,331128.69999999995,2175568369.2999997
09:29:43 AM,1264.0,0,0.0,2175568369.2999997
09:29:43 AM,1264.0,194,245216.0,2175813585.2999997
09:29:44 AM,1264.0,249,314736.0,2176128321.2999997
09:29:45 AM,1264.0,71,89744.0,2176218065.2999997
09:29:45 AM,1264.0,97,122608.0,2176340673.2999997
09:29:46 AM,1264.05,712,900003.6,2177240676.8999996
09:29:46 AM,1264.05,94,118820.7,2177359497.5999994
09:29:47 AM,1264.1,1,1264.1,2177360761.6999993
09:29:47 AM,1263.8,0,0.0,2177360761.6999993
09:29:47 AM,1263.8,61,77091.8,2177437853.4999995
09:29:49 AM,1264.05,0,0.0,2177437853.4999995
09:29:49 AM,1264.05,315,398175.75,2177836029.2499995
09:29:50 AM,1263.8,0,0.0,2177836029.2499995
09:29:50 AM,1263.8,15,18957.0,2177854986.2499995
09:29:51 AM,1263.8,5,6319.0,2177861305.2499995
09:29:51 AM,1263.75,0,0.0,2177861305.2499995
09:29:51 AM,1263.75,251,317201.25,2178178506.4999995
09:29:52 AM,1263.7,80,101096.0,2178279602.4999995
09:29:53 AM,1263.7,150,189555.0,2178469157.4999995
09:29:54 AM,1263.7,13,16428.100000000002,2178485585.5999994
09:29:56 AM,1263.5,0,0.0,2178485585.5999994
09:29:56 AM,1263.5,11,13898.5,2178499484.0999994
09:29:57 AM,1263.5,1,1263.5,2178500747.5999994
09:29:57 AM,1263.3,0,0.0,2178500747.5999994
09:29:57 AM,1263.3,775,979057.5,2179479805.0999994
09:29:58 AM,1263.45,0,0.0,2179479805.0999994
09:29:58 AM,1263.45,259,327233.55,2179807038.6499996
09:29:59 AM,1263.45,15,18951.75,2179825990.3999996
09:29:59 AM,1263.35,0,0.0,2179825990.3999996
09:29:59 AM,1263.35,28,35373.799999999996,2179861364.2
09:30:00 AM,1263.35,460,581141.0,2180442505.2
09:30:00 AM,1263.7,0,0.0,2180442505.2
09:30:00 AM,1263.65,1126,1422869.9000000001,2181865375.1
09:30:01 AM,1263.65,3,3790.9500000000003,2181869166.0499997
09:30:01 AM,1264.05,0,0.0,2181869166.0499997
09:30:01 AM,1264.1,1511,1910055.0999999999,2183779221.1499996
09:30:02 AM,1264.1,2,2528.2,2183781749.3499994
09:30:02 AM,1264.0,0,0.0,2183781749.3499994
