date,price,qty,trnvr,cum_trnvr
09:15:01 AM,1859.45,21581,40128790.45,40128790.45
09:15:02 AM,1858.1,0,0.0,40128790.45
09:15:05 AM,1859.85,0,0.0,40128790.45
09:15:07 AM,1857.5,8796,16338570.0,56467360.45
09:15:08 AM,1857.4,0,0.0,56467360.45
09:15:09 AM,1854.65,0,0.0,56467360.45
09:15:10 AM,1855.6,0,0.0,56467360.45
09:15:11 AM,1855.05,3838,7119681.899999999,63587042.35
09:15:12 AM,1856.4,0,0.0,63587042.35
09:15:14 AM,1855.35,0,0.0,63587042.35
09:15:14 AM,1855.3,0,0.0,63587042.35
09:15:15 AM,1856.2,0,0.0,63587042.35
09:15:16 AM,1856.2,1945,3610309.0,67197351.35
09:15:17 AM,1856.7,0,0.0,67197351.35
09:15:18 AM,1856.4,0,0.0,67197351.35
09:15:19 AM,1856.05,0,0.0,67197351.35
09:15:19 AM,1856.15,2847,5284459.05,72481810.39999999
09:15:20 AM,1857.2,0,0.0,72481810.39999999
09:15:21 AM,1859.0,0,0.0,72481810.39999999
09:15:22 AM,1859.15,0,0.0,72481810.39999999
09:15:22 AM,1858.95,0,0.0,72481810.39999999
09:15:23 AM,1857.75,0,0.0,72481810.39999999
09:15:23 AM,1857.75,2051,3810245.25,76292055.64999999
09:15:24 AM,1857.0,0,0.0,76292055.64999999
09:15:26 AM,1857.0,3359,6237663.0,82529718.64999999
09:15:28 AM,1854.35,0,0.0,82529718.64999999
09:15:28 AM,1855.75,0,0.0,82529718.64999999
09:15:29 AM,1854.55,0,0.0,82529718.64999999
09:15:29 AM,1855.6,0,0.0,82529718.64999999
09:15:29 AM,1855.6,3321,6162447.6,88692166.24999999
09:15:30 AM,1854.05,0,0.0,88692166.24999999
09:15:30 AM,1854.1,0,0.0,88692166.24999999
09:15:31 AM,1854.0,0,0.0,88692166.24999999
09:15:32 AM,1854.75,0,0.0,88692166.24999999
09:15:32 AM,1854.8,1123,2082940.4,90775106.64999999
09:15:32 AM,1855.2,0,0.0,90775106.64999999
09:15:33 AM,1855.15,0,0.0,90775106.64999999
09:15:34 AM,1852.7,0,0.0,90775106.64999999
09:15:34 AM,1851.05,0,0.0,90775106.64999999
09:15:35 AM,1851.0,0,0.0,90775106.64999999
09:15:35 AM,1851.25,4050,7497562.5,98272669.14999999
09:15:35 AM,1851.1,0,0.0,98272669.14999999
09:15:36 AM,1850.1,0,0.0,98272669.14999999
09:15:37 AM,1850.25,0,0.0,98272669.14999999
09:15:37 AM,1852.05,0,0.0,98272669.14999999
09:15:38 AM,1851.05,0,0.0,98272669.14999999
09:15:39 AM,1852.65,1723,3192115.95,101464785.1
09:15:39 AM,1851.9,0,0.0,101464785.1
09:15:39 AM,1852.45,0,0.0,101464785.1
09:15:40 AM,1853.95,0,0.0,101464785.1
09:15:40 AM,1851.95,0,0.0,101464785.1
09:15:41 AM,1852.7,0,0.0,101464785.1
09:15:41 AM,1852.7,403,746638.1,102211423.19999999
09:15:43 AM,1852.65,0,0.0,102211423.19999999
09:15:44 AM,1852.75,0,0.0,102211423.19999999
09:15:45 AM,1852.75,1841,3410912.75,105622335.94999999
09:15:45 AM,1852.0,0,0.0,105622335.94999999
09:15:47 AM,1853.25,0,0.0,105622335.94999999
09:15:47 AM,1853.15,592,1097064.8,106719400.74999999
09:15:48 AM,1852.8,0,0.0,106719400.74999999
09:15:49 AM,1854.7,0,0.0,106719400.74999999
09:15:51 AM,1854.15,0,0.0,106719400.74999999
09:15:51 AM,1854.15,6063,11241711.450000001,117961112.19999999
09:15:53 AM,1854.55,0,0.0,117961112.19999999
09:15:53 AM,1855.0,0,0.0,117961112.19999999
09:15:53 AM,1855.0,2093,3882515.0,121843627.19999999
09:15:54 AM,1854.45,0,0.0,121843627.19999999
09:15:54 AM,1855.0,0,0.0,121843627.19999999
09:15:55 AM,1854.85,0,0.0,121843627.19999999
09:15:57 AM,1852.55,0,0.0,121843627.19999999
09:15:57 AM,1853.75,13343,24734586.25,146578213.45
09:15:57 AM,1852.55,0,0.0,146578213.45
09:15:58 AM,1852.85,0,0.0,146578213.45
09:15:59 AM,1853.3,530,982249.0,147560462.45
09:16:01 AM,1854.35,0,0.0,147560462.45
09:16:02 AM,1854.3,0,0.0,147560462.45
09:16:02 AM,1854.3,799,1481585.7,149042048.14999998
09:16:04 AM,1854.65,0,0.0,149042048.14999998
09:16:05 AM,1854.65,39,72331.35,149114379.49999997
09:16:06 AM,1853.75,0,0.0,149114379.49999997
09:16:06 AM,1854.65,0,0.0,149114379.49999997
09:16:08 AM,1853.75,0,0.0,149114379.49999997
09:16:08 AM,1854.65,390,723313.5,149837692.99999997
09:16:09 AM,1853.75,0,0.0,149837692.99999997
09:16:09 AM,1854.65,0,0.0,149837692.99999997
09:16:11 AM,1854.65,114,211430.1,150049123.09999996
09:16:11 AM,1853.75,0,0.0,150049123.09999996
09:16:11 AM,1854.65,0,0.0,150049123.09999996
09:16:11 AM,1855.0,693,1285515.0,151334638.09999996
09:16:12 AM,1854.25,0,0.0,151334638.09999996
09:16:12 AM,1854.25,96,178008.0,151512646.09999996
09:16:13 AM,1855.0,2,3710.0,151516356.09999996
09:16:13 AM,1855.0,65,120575.0,151636931.09999996
09:16:14 AM,1855.9,2877,5339424.3,156976355.39999998
09:16:14 AM,1854.95,0,0.0,156976355.39999998
09:16:14 AM,1854.95,1,1854.95,156978210.34999996
09:16:15 AM,1855.05,4,7420.2,156985630.54999995
09:16:15 AM,1855.05,66,122433.3,157108063.84999996
09:16:16 AM,1855.05,29,53796.45,157161860.29999995
09:16:16 AM,1855.35,0,0.0,157161860.29999995
09:16:16 AM,1855.95,0,0.0,157161860.29999995
09:16:16 AM,1855.95,43,79805.85,157241666.14999995
09:16:17 AM,1855.95,20,37119.0,157278785.14999995
09:16:17 AM,1855.35,0,0.0,157278785.14999995
09:16:17 AM,1855.35,17,31540.949999999997,157310326.09999993
09:16:18 AM,1855.35,5,9276.75,157319602.84999993
09:16:18 AM,1855.35,6,11132.099999999999,157330734.94999993
09:16:19 AM,1855.35,37,68647.95,157399382.89999992
09:16:19 AM,1855.35,9,16698.149999999998,157416081.04999992
09:16:20 AM,1855.35,23,42673.049999999996,157458754.09999993
09:16:20 AM,1855.05,0,0.0,157458754.09999993
09:16:20 AM,1855.8,0,0.0,157458754.09999993
09:16:20 AM,1855.05,916,1699225.8,159157979.89999995
09:16:21 AM,1855.1,8,14840.8,159172820.69999996
09:16:21 AM,1855.15,0,0.0,159172820.69999996
09:16:21 AM,1855.85,18,33405.299999999996,159206225.99999997
09:16:22 AM,1855.15,8,14841.2,159221067.19999996
09:16:22 AM,1855.2,0,0.0,159221067.19999996
09:16:22 AM,1855.35,0,0.0,159221067.19999996
09:16:22 AM,1855.35,8,14842.8,159235909.99999997
09:16:23 AM,1855.95,7,12991.65,159248901.64999998
09:16:23 AM,1855.15,0,0.0,159248901.64999998
09:16:23 AM,1855.35,0,0.0,159248901.64999998
09:16:23 AM,1855.35,16,29685.6,159278587.24999997
09:16:24 AM,1855.35,13,24119.55,159302706.79999998
09:16:24 AM,1855.05,0,0.0,159302706.79999998
09:16:24 AM,1855.55,548,1016841.4,160319548.2
09:16:25 AM,1855.05,175,324633.75,160644181.95
09:16:25 AM,1855.55,0,0.0,160644181.95
09:16:25 AM,1855.05,31,57506.549999999996,160701688.5
09:16:26 AM,1855.2,27,50090.4,160751778.9
09:16:26 AM,1855.05,0,0.0,160751778.9
09:16:26 AM,1855.0,0,0.0,160751778.9
09:16:26 AM,1855.0,1105,2049775.0,162801553.9
09:16:27 AM,1854.95,1431,2654433.45,165455987.35
09:16:27 AM,1854.9,0,0.0,165455987.35
09:16:27 AM,1854.9,1233,2287091.7,167743079.04999998
09:16:28 AM,1854.2,4,7416.8,167750495.85
09:16:28 AM,1854.9,0,0.0,167750495.85
09:16:28 AM,1854.2,32,59334.4,167809830.25
09:16:29 AM,1854.75,34,63061.5,167872891.75
09:16:29 AM,1854.2,0,0.0,167872891.75
09:16:29 AM,1854.0,0,0.0,167872891.75
09:16:29 AM,1854.0,79,146466.0,168019357.75
09:16:30 AM,1854.8,16,29676.8,168049034.55
09:16:30 AM,1854.05,0,0.0,168049034.55
09:16:30 AM,1854.05,9,16686.45,168065721.0
09:16:31 AM,1854.15,3,5562.450000000001,168071283.45
09:16:31 AM,1854.2,0,0.0,168071283.45
09:16:31 AM,1854.8,0,0.0,168071283.45
09:16:31 AM,1854.2,75,139065.0,168210348.45
09:16:32 AM,1854.8,481,892158.7999999999,169102507.25
09:16:32 AM,1854.85,0,0.0,169102507.25
09:16:32 AM,1854.2,0,0.0,169102507.25
09:16:32 AM,1854.2,85,157607.0,169260114.25
09:16:33 AM,1854.9,168,311623.2,169571737.45
09:16:33 AM,1855.0,0,0.0,169571737.45
09:16:33 AM,1855.0,188,348740.0,169920477.45
09:16:34 AM,1855.35,605,1122486.75,171042964.2
09:16:34 AM,1855.2,0,0.0,171042964.2
09:16:34 AM,1854.35,0,0.0,171042964.2
09:16:34 AM,1854.35,1697,3146831.9499999997,174189796.14999998
09:16:35 AM,1855.05,582,1079639.0999999999,175269435.24999997
09:16:35 AM,1854.7,0,0.0,175269435.24999997
09:16:35 AM,1854.8,0,0.0,175269435.24999997
09:16:35 AM,1854.8,11,20402.8,175289838.04999998
09:16:36 AM,1853.85,587,1088209.95,176378047.99999997
09:16:36 AM,1853.8,0,0.0,176378047.99999997
09:16:36 AM,1854.65,0,0.0,176378047.99999997
09:16:36 AM,1854.65,159,294889.35000000003,176672937.34999996
09:16:37 AM,1854.55,17,31527.35,176704464.69999996
09:16:37 AM,1853.85,0,0.0,176704464.69999996
09:16:37 AM,1853.85,1,1853.85,176706318.54999995
09:16:38 AM,1854.65,508,942162.2000000001,177648480.74999994
09:16:38 AM,1854.0,0,0.0,177648480.74999994
09:16:38 AM,1854.0,84,155736.0,177804216.74999994
09:16:39 AM,1854.55,0,0.0,177804216.74999994
09:16:39 AM,1854.55,4,7418.2,177811634.94999993
09:16:40 AM,1854.55,18,33381.9,177845016.84999993
09:16:40 AM,1854.1,0,0.0,177845016.84999993
09:16:40 AM,1854.85,55,102016.75,177947033.59999993
09:16:41 AM,1854.85,411,762343.35,178709376.94999993
09:16:41 AM,1854.0,0,0.0,178709376.94999993
09:16:41 AM,1854.0,27,50058.0,178759434.94999993
09:16:42 AM,1854.6,19,35237.4,178794672.34999993
09:16:42 AM,1853.65,0,0.0,178794672.34999993
09:16:42 AM,1854.6,881,1633902.5999999999,180428574.94999993
09:16:43 AM,1854.55,23,42654.65,180471229.59999993
09:16:43 AM,1853.75,0,0.0,180471229.59999993
09:16:43 AM,1853.75,111,205766.25,180676995.84999993
09:16:44 AM,1854.55,35,64909.25,180741905.09999993
09:16:44 AM,1854.0,1,1854.0,180743759.09999993
09:16:44 AM,1854.55,0,0.0,180743759.09999993
09:16:45 AM,1854.0,350,648900.0,181392659.09999993
09:16:45 AM,1854.55,0,0.0,181392659.09999993
09:16:45 AM,1853.05,0,0.0,181392659.09999993
09:16:46 AM,1852.75,2665,4937578.75,186330237.84999993
09:16:46 AM,1853.7,130,240981.0,186571218.84999993
09:16:46 AM,1852.75,0,0.0,186571218.84999993
09:16:47 AM,1853.6,80,148288.0,186719506.84999993
09:16:47 AM,1852.65,4,7410.6,186726917.44999993
09:16:47 AM,1852.75,0,0.0,186726917.44999993
09:16:47 AM,1852.65,0,0.0,186726917.44999993
09:16:48 AM,1852.65,306,566910.9,187293828.34999993
09:16:48 AM,1853.55,0,0.0,187293828.34999993
09:16:49 AM,1852.7,44,81518.8,187375347.14999995
09:16:49 AM,1853.5,0,0.0,187375347.14999995
09:16:50 AM,1853.5,15,27802.5,187403149.64999995
09:16:51 AM,1852.7,85,157479.5,187560629.14999995
09:16:52 AM,1852.65,193,357561.45,187918190.59999993
09:16:52 AM,1852.65,1,1852.65,187920043.24999994
09:16:52 AM,1852.7,0,0.0,187920043.24999994
09:16:53 AM,1852.75,48,88932.0,188008975.24999994
09:16:53 AM,1852.7,31,57433.700000000004,188066408.94999993
09:16:54 AM,1852.7,32,59286.4,188125695.34999993
09:16:54 AM,1853.0,1,1853.0,188127548.34999993
09:16:54 AM,1852.7,0,0.0,188127548.34999993
09:16:55 AM,1852.7,27,50022.9,188177571.24999994
09:16:55 AM,1853.0,3,5559.0,188183130.24999994
09:16:55 AM,1852.7,0,0.0,188183130.24999994
09:16:55 AM,1853.0,0,0.0,188183130.24999994
09:16:56 AM,1853.0,30,55590.0,188238720.24999994
09:16:56 AM,1852.7,3,5558.1,188244278.34999993
09:16:56 AM,1853.0,0,0.0,188244278.34999993
09:16:57 AM,1852.55,336,622456.7999999999,188866735.14999995
09:16:57 AM,1852.5,1,1852.5,188868587.64999995
09:16:58 AM,1852.5,271,502027.5,189370615.14999995
09:16:58 AM,1853.0,24,44472.0,189415087.14999995
09:16:58 AM,1852.5,0,0.0,189415087.14999995
09:16:59 AM,1852.5,147,272317.5,189687404.64999995
09:16:59 AM,1852.5,1,1852.5,189689257.14999995
09:17:00 AM,1852.5,141,261202.5,189950459.64999995
09:17:00 AM,1852.9,13,24087.7,189974547.34999993
09:17:00 AM,1852.05,0,0.0,189974547.34999993
09:17:00 AM,1852.1,0,0.0,189974547.34999993
09:17:01 AM,1851.2,2674,4950108.8,194924656.14999995
09:17:01 AM,1852.0,4,7408.0,194932064.14999995
09:17:01 AM,1851.2,0,0.0,194932064.14999995
09:17:01 AM,1851.15,0,0.0,194932064.14999995
09:17:02 AM,1851.95,415,768559.25,195700623.39999995
09:17:02 AM,1851.05,596,1103225.8,196803849.19999996
09:17:03 AM,1851.0,311,575661.0,197379510.19999996
09:17:03 AM,1850.55,0,0.0,197379510.19999996
09:17:04 AM,1850.5,440,814220.0,198193730.19999996
09:17:04 AM,1850.3,0,0.0,198193730.19999996
09:17:04 AM,1851.25,0,0.0,198193730.19999996
09:17:05 AM,1851.15,32,59236.8,198252966.99999997
09:17:05 AM,1851.15,2,3702.3,198256669.29999998
09:17:05 AM,1850.35,0,0.0,198256669.29999998
09:17:05 AM,1851.05,0,0.0,198256669.29999998
09:17:06 AM,1851.0,109,201759.0,198458428.29999998
09:17:06 AM,1850.9,0,0.0,198458428.29999998
09:17:07 AM,1850.3,42,77712.59999999999,198536140.89999998
09:17:07 AM,1851.0,4,7404.0,198543544.89999998
09:17:07 AM,1850.5,0,0.0,198543544.89999998
09:17:07 AM,1851.0,0,0.0,198543544.89999998
09:17:08 AM,1851.0,64,118464.0,198662008.89999998
09:17:08 AM,1850.3,6,11101.8,198673110.7
09:17:09 AM,1850.3,13,24053.899999999998,198697164.6
09:17:09 AM,1850.45,0,0.0,198697164.6
09:17:09 AM,1851.0,0,0.0,198697164.6
09:17:10 AM,1851.6,558,1033192.7999999999,199730357.4
09:17:10 AM,1850.65,0,0.0,199730357.4
09:17:10 AM,1851.55,0,0.0,199730357.4
09:17:11 AM,1850.65,0,0.0,199730357.4
09:17:11 AM,1850.65,20,37013.0,199767370.4
09:17:11 AM,1850.65,8,14805.2,199782175.6
09:17:12 AM,1851.5,109,201813.5,199983989.1
09:17:12 AM,1851.75,250,462937.5,200446926.6
09:17:12 AM,1850.8,0,0.0,200446926.6
09:17:13 AM,1850.85,119,220251.15,200667177.75
09:17:14 AM,1850.9,48,88843.20000000001,200756020.95
09:17:14 AM,1850.95,0,0.0,200756020.95
09:17:15 AM,1851.4,989,1831034.6,202587055.54999998
09:17:16 AM,1851.25,38,70347.5,202657403.04999998
09:17:17 AM,1851.45,159,294380.55,202951783.6
09:17:17 AM,1851.45,1,1851.45,202953635.04999998
09:17:18 AM,1851.45,45,83315.25,203036950.29999998
09:17:18 AM,1851.45,1,1851.45,203038801.74999997
09:17:18 AM,1852.15,0,0.0,203038801.74999997
09:17:19 AM,1851.3,16,29620.8,203068422.54999998
09:17:19 AM,1852.15,0,0.0,203068422.54999998
09:17:20 AM,1851.35,3,5554.049999999999,203073976.6
09:17:20 AM,1851.35,1,1851.35,203075827.95
09:17:21 AM,1851.35,63,116635.04999999999,203192463.0
09:17:21 AM,1852.15,0,0.0,203192463.0
09:17:22 AM,1852.35,33,61127.549999999996,203253590.55
09:17:22 AM,1851.75,1,1851.75,203255442.3
09:17:22 AM,1851.55,0,0.0,203255442.3
09:17:23 AM,1852.1,160,296336.0,203551778.3
09:17:23 AM,1852.85,0,0.0,203551778.3
09:17:24 AM,1853.35,957,1773655.95,205325434.25
09:17:24 AM,1853.6,0,0.0,205325434.25
09:17:25 AM,1853.75,87,161276.25,205486710.5
09:17:25 AM,1853.85,516,956586.6,206443297.1
09:17:26 AM,1853.6,574,1063966.4,207507263.5
09:17:26 AM,1854.55,158,293018.89999999997,207800282.4
09:17:26 AM,1853.5,0,0.0,207800282.4
09:17:27 AM,1853.6,21,38925.6,207839208.0
09:17:27 AM,1853.9,1,1853.9,207841061.9
09:17:27 AM,1853.6,0,0.0,207841061.9
09:17:28 AM,1854.15,22,40791.3,207881853.20000002
09:17:28 AM,1853.6,1,1853.6,207883706.8
09:17:29 AM,1853.6,20,37072.0,207920778.8
09:17:30 AM,1853.6,155,287308.0,208208086.8
09:17:30 AM,1853.6,2,3707.2,208211794.0
09:17:30 AM,1854.05,0,0.0,208211794.0
09:17:31 AM,1853.6,11,20389.6,208232183.6
09:17:31 AM,1853.6,1,1853.6,208234037.2
09:17:32 AM,1853.6,5,9268.0,208243305.2
09:17:32 AM,1854.0,0,0.0,208243305.2
09:17:32 AM,1854.0,95,176130.0,208419435.2
09:17:33 AM,1854.0,89,165006.0,208584441.2
09:17:33 AM,1853.65,0,0.0,208584441.2
09:17:33 AM,1853.65,40,74146.0,208658587.2
09:17:34 AM,1854.65,500,927325.0,209585912.2
09:17:34 AM,1854.0,75,139050.0,209724962.2
09:17:35 AM,1854.7,24,44512.8,209769475.0
09:17:36 AM,1854.65,13,24110.45,209793585.45
09:17:37 AM,1854.7,98,181760.6,209975346.04999998
09:17:38 AM,1854.65,15,27819.75,210003165.79999998
09:17:38 AM,1854.65,27,50075.55,210053241.35
09:17:39 AM,1855.2,0,0.0,210053241.35
09:17:39 AM,1855.2,1419,2632528.8000000003,212685770.15
09:17:39 AM,1855.2,51,94615.2,212780385.35
09:17:40 AM,1855.45,0,0.0,212780385.35
09:17:40 AM,1855.45,78,144725.1,212925110.45
09:17:40 AM,1856.0,0,0.0,212925110.45
09:17:40 AM,1856.0,31,57536.0,212982646.45
09:17:41 AM,1856.0,120,222720.0,213205366.45
09:17:42 AM,1856.0,30,55680.0,213261046.45
09:17:43 AM,1856.0,5,9280.0,213270326.45
09:17:44 AM,1856.0,475,881600.0,214151926.45
09:17:44 AM,1856.0,5,9280.0,214161206.45
09:17:45 AM,1856.0,424,786944.0,214948150.45
09:17:45 AM,1856.45,0,0.0,214948150.45
09:17:45 AM,1856.45,402,746292.9,215694443.35
09:17:46 AM,1856.4,0,0.0,215694443.35
09:17:46 AM,1856.4,107,198634.80000000002,215893078.15
09:17:46 AM,1856.0,0,0.0,215893078.15
09:17:46 AM,1856.0,105,194880.0,216087958.15
09:17:47 AM,1856.45,0,0.0,216087958.15
09:17:47 AM,1856.45,20,37129.0,216125087.15
09:17:47 AM,1855.75,0,0.0,216125087.15
09:17:47 AM,1855.75,26,48249.5,216173336.65
09:17:48 AM,1856.4,0,0.0,216173336.65
09:17:48 AM,1856.4,124,230193.6,216403530.25
09:17:49 AM,1856.45,0,0.0,216403530.25
09:17:49 AM,1856.45,10,18564.5,216422094.75
09:17:50 AM,1856.4,0,0.0,216422094.75
09:17:50 AM,1856.4,118,219055.2,216641149.95
09:17:50 AM,1856.0,0,0.0,216641149.95
09:17:50 AM,1856.0,57,105792.0,216746941.95
09:17:51 AM,1855.65,0,0.0,216746941.95
09:17:51 AM,1855.65,1742,3232542.3000000003,219979484.25
09:17:51 AM,1855.45,0,0.0,219979484.25
09:17:51 AM,1855.45,24,44530.8,220024015.05
09:17:52 AM,1855.7,0,0.0,220024015.05
09:17:52 AM,1855.7,417,773826.9,220797841.95000002
09:17:52 AM,1853.95,0,0.0,220797841.95000002
09:17:52 AM,1853.95,3087,5723143.65,226520985.60000002
09:17:53 AM,1854.95,0,0.0,226520985.60000002
09:17:53 AM,1854.95,75,139121.25,226660106.85000002
09:17:53 AM,1854.2,0,0.0,226660106.85000002
09:17:53 AM,1854.9,3,5564.700000000001,226665671.55
09:17:54 AM,1854.65,0,0.0,226665671.55
09:17:54 AM,1854.65,3,5563.950000000001,226671235.5
09:17:54 AM,1854.95,0,0.0,226671235.5
09:17:54 AM,1854.95,2,3709.9,226674945.4
09:17:55 AM,1854.95,10,18549.5,226693494.9
09:17:55 AM,1854.8,0,0.0,226693494.9
09:17:55 AM,1854.8,21,38950.799999999996,226732445.70000002
09:17:56 AM,1854.75,0,0.0,226732445.70000002
09:17:56 AM,1854.75,7,12983.25,226745428.95000002
09:17:57 AM,1854.65,0,0.0,226745428.95000002
09:17:57 AM,1854.65,77,142808.05000000002,226888237.00000003
09:17:57 AM,1852.9,0,0.0,226888237.00000003
09:17:57 AM,1852.9,1164,2156775.6,229045012.60000002
09:17:58 AM,1853.9,0,0.0,229045012.60000002
09:17:58 AM,1853.9,10,18539.0,229063551.60000002
09:17:58 AM,1853.9,1,1853.9,229065405.50000003
09:17:59 AM,1853.5,0,0.0,229065405.50000003
09:17:59 AM,1853.5,4,7414.0,229072819.50000003
09:17:59 AM,1853.45,0,0.0,229072819.50000003
09:17:59 AM,1853.45,14,25948.3,229098767.80000004
09:18:00 AM,1853.1,0,0.0,229098767.80000004
09:18:00 AM,1853.1,748,1386118.8,230484886.60000005
09:18:00 AM,1853.25,0,0.0,230484886.60000005
09:18:00 AM,1853.25,139,257601.75,230742488.35000005
09:18:01 AM,1853.9,0,0.0,230742488.35000005
09:18:01 AM,1853.9,205,380049.5,231122537.85000005
09:18:02 AM,1853.15,0,0.0,231122537.85000005
09:18:02 AM,1853.15,28,51888.200000000004,231174426.05000004
09:18:02 AM,1853.45,0,0.0,231174426.05000004
09:18:02 AM,1853.45,35,64870.75,231239296.80000004
09:18:03 AM,1853.9,0,0.0,231239296.80000004
09:18:03 AM,1853.9,138,255838.2,231495135.00000003
09:18:03 AM,1853.9,26,48201.4,231543336.40000004
09:18:04 AM,1853.35,0,0.0,231543336.40000004
09:18:04 AM,1853.35,40,74134.0,231617470.40000004
09:18:04 AM,1853.35,5,9266.75,231626737.15000004
09:18:06 AM,1853.75,0,0.0,231626737.15000004
09:18:06 AM,1853.75,10,18537.5,231645274.65000004
09:18:06 AM,1853.75,8,14830.0,231660104.65000004
09:18:07 AM,1853.75,23,42636.25,231702740.90000004
09:18:07 AM,1853.35,0,0.0,231702740.90000004
09:18:07 AM,1853.35,7,12973.449999999999,231715714.35000002
09:18:08 AM,1853.9,0,0.0,231715714.35000002
09:18:08 AM,1853.9,10218,18943150.2,250658864.55
09:18:08 AM,1853.3,0,0.0,250658864.55
09:18:08 AM,1853.3,5,9266.5,250668131.05
09:18:09 AM,1853.5,0,0.0,250668131.05
09:18:09 AM,1853.5,117,216859.5,250884990.55
09:18:09 AM,1853.7,0,0.0,250884990.55
09:18:09 AM,1853.7,13,24098.100000000002,250909088.65
09:18:10 AM,1853.75,0,0.0,250909088.65
09:18:10 AM,1853.75,68,126055.0,251035143.65
09:18:11 AM,1853.75,70,129762.5,251164906.15
09:18:11 AM,1853.95,0,0.0,251164906.15
09:18:11 AM,1853.95,6,11123.7,251176029.85
09:18:12 AM,1854.0,134,248436.0,251424465.85
09:18:12 AM,1854.0,59,109386.0,251533851.85
09:18:13 AM,1853.95,0,0.0,251533851.85
09:18:13 AM,1853.95,3,5561.85,251539413.7
09:18:14 AM,1853.5,51,94528.5,251633942.2
09:18:14 AM,1853.35,0,0.0,251633942.2
09:18:14 AM,1853.35,335,620872.25,252254814.45
09:18:15 AM,1853.9,851,1577668.9000000001,253832483.35
09:18:15 AM,1854.8,0,0.0,253832483.35
09:18:15 AM,1854.8,544,1009011.2,254841494.54999998
09:18:16 AM,1854.8,13,24112.399999999998,254865606.95
09:18:16 AM,1854.65,0,0.0,254865606.95
09:18:16 AM,1854.15,27,50062.05,254915669.0
09:18:17 AM,1854.8,11,20402.8,254936071.8
09:18:17 AM,1854.8,24,44515.2,254980587.0
09:18:18 AM,1854.15,24,44499.600000000006,255025086.6
09:18:19 AM,1854.8,458,849498.4,255874585.0
09:18:19 AM,1854.8,15,27822.0,255902407.0
09:18:19 AM,1854.2,0,0.0,255902407.0
09:18:19 AM,1854.8,0,0.0,255902407.0
09:18:19 AM,1854.8,22,40805.6,255943212.6
09:18:20 AM,1854.8,11,20402.8,255963615.4
09:18:20 AM,1854.8,55,102014.0,256065629.4
09:18:21 AM,1854.8,7,12983.6,256078613.0
09:18:21 AM,1854.8,8,14838.4,256093451.4
09:18:22 AM,1854.7,9,16692.3,256110143.70000002
09:18:22 AM,1854.7,15,27820.5,256137964.20000002
09:18:23 AM,1854.25,56,103838.0,256241802.20000002
09:18:23 AM,1854.7,0,0.0,256241802.20000002
09:18:23 AM,1854.7,55,102008.5,256343810.70000002
09:18:25 AM,1854.7,9,16692.3,256360503.00000003
09:18:25 AM,1854.7,17,31529.9,256392032.90000004
09:18:26 AM,1854.7,152,281914.4,256673947.30000004
09:18:26 AM,1854.8,206,382088.8,257056036.10000005
09:18:26 AM,1854.2,0,0.0,257056036.10000005
09:18:27 AM,1854.2,3,5562.6,257061598.70000005
09:18:28 AM,1854.45,0,0.0,257061598.70000005
09:18:28 AM,1854.55,32,59345.6,257120944.30000004
09:18:28 AM,1854.7,0,0.0,257120944.30000004
09:18:29 AM,1854.8,1104,2047699.2,259168643.50000003
09:18:29 AM,1854.8,167,309751.6,259478395.10000002
09:18:30 AM,1854.8,164,304187.2,259782582.3
09:18:30 AM,1854.8,151,280074.8,260062657.10000002
09:18:31 AM,1856.95,1399,2597873.0500000003,262660530.15000004
09:18:31 AM,1856.15,138,256148.7,262916678.85000002
09:18:31 AM,1856.3,0,0.0,262916678.85000002
09:18:32 AM,1856.35,12,22276.199999999997,262938955.05
09:18:32 AM,1856.15,91,168909.65,263107864.70000002
09:18:32 AM,1856.2,0,0.0,263107864.70000002
09:18:33 AM,1856.2,30,55686.0,263163550.70000002
09:18:33 AM,1856.1,12,22273.199999999997,263185823.9
09:18:34 AM,1855.8,63,116915.4,263302739.3
09:18:34 AM,1856.05,0,0.0,263302739.3
09:18:35 AM,1856.05,12,22272.6,263325011.9
09:18:35 AM,1856.05,33,61249.65,263386261.55
09:18:36 AM,1856.05,86,159620.3,263545881.85000002
09:18:36 AM,1855.9,73,135480.7,263681362.55
09:18:36 AM,1855.85,0,0.0,263681362.55
09:18:37 AM,1856.05,100,185605.0,263866967.55
09:18:37 AM,1855.8,0,0.0,263866967.55
09:18:38 AM,1856.05,289,536398.45,264403366.0
09:18:38 AM,1855.95,0,0.0,264403366.0
09:18:38 AM,1856.05,0,0.0,264403366.0
09:18:38 AM,1856.05,66,122499.3,264525865.3
09:18:39 AM,1855.95,55,102077.25,264627942.55
09:18:39 AM,1856.05,0,0.0,264627942.55
09:18:39 AM,1856.05,70,129923.5,264757866.05
09:18:40 AM,1855.9,10,18559.0,264776425.05
09:18:40 AM,1856.05,0,0.0,264776425.05
09:18:40 AM,1855.9,0,0.0,264776425.05
09:18:40 AM,1856.2,643,1193536.6,265969961.65
09:18:41 AM,1856.15,0,0.0,265969961.65
09:18:41 AM,1855.8,0,0.0,265969961.65
09:18:41 AM,1855.8,1454,2698333.1999999997,268668294.85
09:18:42 AM,1856.0,36,66816.0,268735110.85
09:18:42 AM,1855.8,0,0.0,268735110.85
09:18:42 AM,1855.8,495,918621.0,269653731.85
09:18:43 AM,1855.8,1,1855.8,269655587.65000004
09:18:43 AM,1855.25,0,0.0,269655587.65000004
09:18:43 AM,1855.2,0,0.0,269655587.65000004
09:18:43 AM,1855.9,203,376747.7,270032335.35
09:18:44 AM,1856.05,0,0.0,270032335.35
09:18:44 AM,1856.05,387,718291.35,270750626.70000005
09:18:45 AM,1856.1,29,53826.899999999994,270804453.6
09:18:46 AM,1856.2,5,9281.0,270813734.6
09:18:46 AM,1856.45,0,0.0,270813734.6
09:18:46 AM,1856.35,0,0.0,270813734.6
09:18:46 AM,1856.35,39,72397.65,270886132.25
09:18:47 AM,1856.6,0,0.0,270886132.25
09:18:47 AM,1856.7,0,0.0,270886132.25
09:18:47 AM,1856.7,43,79838.1,270965970.35
09:18:48 AM,1856.7,7,12996.9,270978967.25
09:18:48 AM,1856.75,0,0.0,270978967.25
09:18:48 AM,1856.9,0,0.0,270978967.25
09:18:48 AM,1856.1,28,51970.799999999996,271030938.05
09:18:49 AM,1856.85,129,239533.65,271270471.7
09:18:49 AM,1855.9,0,0.0,271270471.7
09:18:49 AM,1856.7,0,0.0,271270471.7
09:18:49 AM,1856.7,1532,2844464.4,274114936.09999996
09:18:50 AM,1856.65,0,0.0,274114936.09999996
09:18:50 AM,1856.65,193,358333.45,274473269.54999995
09:18:51 AM,1856.6,0,0.0,274473269.54999995
09:18:51 AM,1856.6,80,148528.0,274621797.54999995
09:18:52 AM,1856.6,89,165237.4,274787034.9499999
09:18:53 AM,1856.6,2,3713.2,274790748.1499999
09:18:53 AM,1856.6,76,141101.6,274931849.74999994
09:18:54 AM,1856.6,10,18566.0,274950415.74999994
09:18:55 AM,1856.65,0,0.0,274950415.74999994
09:18:55 AM,1856.6,0,0.0,274950415.74999994
09:18:55 AM,1856.6,149,276633.39999999997,275227049.1499999
09:18:56 AM,1856.6,21,38988.6,275266037.74999994
09:18:57 AM,1856.6,8,14852.8,275280890.54999995
09:18:57 AM,1856.6,3,5569.799999999999,275286460.34999996
09:18:58 AM,1855.85,1242,2304965.6999999997,277591426.04999995
09:18:58 AM,1855.9,2,3711.8,277595137.84999996
09:18:58 AM,1856.0,0,0.0,277595137.84999996
09:18:59 AM,1855.8,142,263523.6,277858661.45
09:18:59 AM,1855.85,0,0.0,277858661.45
09:19:00 AM,1855.4,796,1476898.4000000001,279335559.84999996
09:19:00 AM,1855.4,125,231925.0,279567484.84999996
09:19:00 AM,1855.35,0,0.0,279567484.84999996
09:19:00 AM,1855.3,0,0.0,279567484.84999996
09:19:01 AM,1855.35,234,434151.89999999997,280001636.74999994
09:19:01 AM,1856.05,187,347081.35,280348718.09999996
09:19:01 AM,1855.45,0,0.0,280348718.09999996
09:19:01 AM,1855.5,0,0.0,280348718.09999996
09:19:02 AM,1855.5,121,224515.5,280573233.59999996
09:19:02 AM,1855.45,0,0.0,280573233.59999996
09:19:03 AM,1855.45,36,66796.2,280640029.79999995
09:19:03 AM,1855.45,14,25976.3,280666006.09999996
09:19:04 AM,1855.45,4,7421.8,280673427.9
09:19:05 AM,1855.55,0,0.0,280673427.9
09:19:05 AM,1855.55,225,417498.75,281090926.65
09:19:05 AM,1855.8,0,0.0,281090926.65
09:19:06 AM,1855.8,48,89078.4,281180005.04999995
09:19:06 AM,1855.7,29,53815.3,281233820.34999996
09:19:07 AM,1855.15,144,267141.60000000003,281500961.95
09:19:07 AM,1855.2,22,40814.4,281541776.34999996
09:19:07 AM,1855.6,0,0.0,281541776.34999996
09:19:07 AM,1855.65,0,0.0,281541776.34999996
09:19:08 AM,1855.65,412,764527.8,282306304.15
09:19:08 AM,1855.7,0,0.0,282306304.15
09:19:09 AM,1855.75,84,155883.0,282462187.15
09:19:09 AM,1855.8,0,0.0,282462187.15
09:19:10 AM,1855.45,46,85350.7,282547537.84999996
09:19:10 AM,1855.8,15,27837.0,282575374.84999996
09:19:11 AM,1855.75,0,0.0,282575374.84999996
09:19:11 AM,1855.75,16,29692.0,282605066.84999996
09:19:11 AM,1855.8,0,0.0,282605066.84999996
09:19:12 AM,1855.8,112,207849.6,282812916.45
09:19:13 AM,1855.2,171,317239.2,283130155.65
09:19:14 AM,1855.75,0,0.0,283130155.65
09:19:14 AM,1855.2,6,11131.2,283141286.84999996
09:19:14 AM,1855.75,6,11134.5,283152421.34999996
09:19:15 AM,1855.75,17,31547.75,283183969.09999996
09:19:15 AM,1855.75,10,18557.5,283202526.59999996
09:19:16 AM,1855.7,24,44536.8,283247063.4
09:19:17 AM,1855.7,53,98352.1,283345415.5
09:19:17 AM,1855.5,10,18555.0,283363970.5
09:19:18 AM,1855.25,0,0.0,283363970.5
09:19:18 AM,1855.25,450,834862.5,284198833.0
09:19:18 AM,1855.4,65,120601.0,284319434.0
09:19:19 AM,1855.2,203,376605.60000000003,284696039.6
09:19:19 AM,1855.4,5,9277.0,284705316.6
09:19:20 AM,1855.0,0,0.0,284705316.6
09:19:20 AM,1855.0,941,1745555.0,286450871.6
09:19:21 AM,1855.15,0,0.0,286450871.6
09:19:21 AM,1854.5,22,40799.0,286491670.6
09:19:21 AM,1855.3,0,0.0,286491670.6
09:19:22 AM,1855.0,0,0.0,286491670.6
09:19:22 AM,1855.35,307,569592.45,287061263.05
09:19:23 AM,1855.4,0,0.0,287061263.05
09:19:23 AM,1855.05,70,129853.5,287191116.55
09:19:23 AM,1855.35,18,33396.299999999996,287224512.85
09:19:24 AM,1855.5,0,0.0,287224512.85
09:19:24 AM,1855.5,388,719934.0,287944446.85
09:19:24 AM,1855.35,3,5566.049999999999,287950012.90000004
09:19:25 AM,1856.0,0,0.0,287950012.90000004
09:19:25 AM,1856.0,197,365632.0,288315644.90000004
09:19:26 AM,1856.0,7,12992.0,288328636.90000004
09:19:27 AM,1855.4,0,0.0,288328636.90000004
09:19:27 AM,1855.7,27,50103.9,288378740.8
09:19:28 AM,1856.0,0,0.0,288378740.8
09:19:28 AM,1855.5,15,27832.5,288406573.3
09:19:28 AM,1856.0,7,12992.0,288419565.3
09:19:29 AM,1855.75,16,29692.0,288449257.3
09:19:30 AM,1856.0,0,0.0,288449257.3
09:19:30 AM,1856.0,9,16704.0,288465961.3
09:19:30 AM,1856.4,51,94676.40000000001,288560637.7
09:19:31 AM,1855.8,0,0.0,288560637.7
09:19:31 AM,1856.45,67,124382.15000000001,288685019.84999996
09:19:32 AM,1856.45,91,168936.95,288853956.79999995
09:19:32 AM,1855.95,0,0.0,288853956.79999995
09:19:33 AM,1856.45,0,0.0,288853956.79999995
09:19:33 AM,1856.45,3,5569.35,288859526.15
09:19:33 AM,1856.45,1,1856.45,288861382.59999996
09:19:34 AM,1856.45,3,5569.35,288866951.95
09:19:34 AM,1856.45,6,11138.7,288878090.65
09:19:35 AM,1856.45,32,59406.4,288937497.04999995
09:19:36 AM,1855.95,0,0.0,288937497.04999995
09:19:36 AM,1856.45,33,61262.85,288998759.9
09:19:37 AM,1856.1,0,0.0,288998759.9
09:19:37 AM,1856.1,50,92805.0,289091564.9
09:19:38 AM,1856.45,0,0.0,289091564.9
09:19:38 AM,1856.45,37,68688.65000000001,289160253.54999995
09:19:39 AM,1856.45,78,144803.1,289305056.65
09:19:40 AM,1856.7,0,0.0,289305056.65
09:19:40 AM,1856.7,138,256224.6,289561281.25
09:19:41 AM,1856.8,0,0.0,289561281.25
09:19:41 AM,1856.8,132,245097.6,289806378.85
09:19:42 AM,1856.65,190,352763.5,290159142.35
09:19:42 AM,1856.7,0,0.0,290159142.35
09:19:43 AM,1856.7,424,787240.8,290946383.15000004
09:19:43 AM,1856.7,143,265508.10000000003,291211891.25000006
09:19:43 AM,1856.2,0,0.0,291211891.25000006
09:19:44 AM,1856.2,2,3712.4,291215603.65000004
09:19:44 AM,1856.45,0,0.0,291215603.65000004
09:19:44 AM,1856.7,78,144822.6,291360426.25000006
09:19:44 AM,1856.2,0,0.0,291360426.25000006
09:19:45 AM,1856.2,95,176339.0,291536765.25000006
09:19:45 AM,1856.45,0,0.0,291536765.25000006
09:19:45 AM,1856.45,1,1856.45,291538621.70000005
09:19:46 AM,1856.7,9,16710.3,291555332.00000006
09:19:46 AM,1856.5,0,0.0,291555332.00000006
09:19:46 AM,1856.5,5,9282.5,291564614.50000006
09:19:47 AM,1856.7,0,0.0,291564614.50000006
09:19:47 AM,1856.7,21,38990.700000000004,291603605.20000005
09:19:48 AM,1856.7,200,371340.0,291974945.20000005
09:19:48 AM,1856.7,66,122542.2,292097487.40000004
09:19:49 AM,1856.7,47,87264.90000000001,292184752.3
09:19:50 AM,1856.7,11,20423.7,292205176.0
09:19:50 AM,1856.6,0,0.0,292205176.0
09:19:50 AM,1856.0,902,1674112.0,293879288.0
09:19:50 AM,1855.75,0,0.0,293879288.0
09:19:51 AM,1855.75,203,376717.25,294256005.25
09:19:51 AM,1856.1,28,51970.799999999996,294307976.05
09:19:52 AM,1855.75,7,12990.25,294320966.3
09:19:52 AM,1856.1,0,0.0,294320966.3
09:19:52 AM,1856.1,87,161480.69999999998,294482447.0
09:19:53 AM,1856.15,0,0.0,294482447.0
09:19:53 AM,1856.15,12,22273.800000000003,294504720.8
09:19:54 AM,1855.85,60,111351.0,294616071.8
09:19:54 AM,1856.1,0,0.0,294616071.8
09:19:54 AM,1856.1,3,5568.299999999999,294621640.1
09:19:55 AM,1855.5,38,70509.0,294692149.1
09:19:55 AM,1855.05,0,0.0,294692149.1
09:19:55 AM,1855.45,1018,1888848.1,296580997.20000005
09:19:56 AM,1855.4,5,9277.0,296590274.20000005
09:19:57 AM,1855.05,40,74202.0,296664476.20000005
09:19:57 AM,1855.25,2,3710.5,296668186.70000005
09:19:58 AM,1855.0,14,25970.0,296694156.70000005
09:19:58 AM,1855.0,25,46375.0,296740531.70000005
09:20:00 AM,1854.65,0,0.0,296740531.70000005
09:20:00 AM,1854.65,459,851284.3500000001,297591816.0500001
09:20:00 AM,1855.2,0,0.0,297591816.0500001
09:20:01 AM,1855.2,99,183664.80000000002,297775480.8500001
09:20:01 AM,1854.35,0,0.0,297775480.8500001
09:20:01 AM,1854.3,27,50066.1,297825546.9500001
09:20:03 AM,1855.05,0,0.0,297825546.9500001
09:20:03 AM,1854.4,85,157624.0,297983170.9500001
09:20:04 AM,1854.4,10,18544.0,298001714.9500001
09:20:04 AM,1854.8,0,0.0,298001714.9500001
09:20:04 AM,1854.8,1,1854.8,298003569.7500001
09:20:04 AM,1855.05,0,0.0,298003569.7500001
09:20:05 AM,1855.4,1586,2942664.4000000004,300946234.1500001
09:20:05 AM,1855.5,0,0.0,300946234.1500001
09:20:05 AM,1855.6,38,70512.8,301016746.9500001
09:20:06 AM,1854.95,23,42663.85,301059410.80000013
09:20:06 AM,1855.7,0,0.0,301059410.80000013
09:20:06 AM,1855.7,8,14845.6,301074256.40000015
09:20:07 AM,1855.1,15,27826.5,301102082.90000015
09:20:07 AM,1855.9,0,0.0,301102082.90000015
09:20:07 AM,1855.8,210,389718.0,301491800.90000015
09:20:07 AM,1855.1,0,0.0,301491800.90000015
09:20:08 AM,1855.1,2,3710.2,301495511.10000014
09:20:08 AM,1855.8,0,0.0,301495511.10000014
09:20:09 AM,1855.8,8,14846.4,301510357.5000001
09:20:09 AM,1855.75,0,0.0,301510357.5000001
09:20:09 AM,1855.75,124,230113.0,301740470.5000001
09:20:09 AM,1855.2,0,0.0,301740470.5000001
09:20:10 AM,1855.2,33,61221.6,301801692.10000014
09:20:10 AM,1855.75,0,0.0,301801692.10000014
09:20:10 AM,1855.6,311,577091.6,302378783.70000017
09:20:10 AM,1855.7,0,0.0,302378783.70000017
09:20:11 AM,1855.2,11,20407.2,302399190.90000015
09:20:11 AM,1855.75,0,0.0,302399190.90000015
09:20:11 AM,1854.95,403,747544.85,303146735.7500002
09:20:11 AM,1855.0,0,0.0,303146735.7500002
09:20:12 AM,1855.7,102,189281.4,303336017.15000015
09:20:12 AM,1855.75,0,0.0,303336017.15000015
09:20:12 AM,1855.75,82,152171.5,303488188.65000015
09:20:13 AM,1855.25,0,0.0,303488188.65000015
09:20:13 AM,1855.45,12,22265.4,303510454.05000013
09:20:14 AM,1855.6,62,115047.2,303625501.2500001
09:20:14 AM,1855.2,0,0.0,303625501.2500001
09:20:14 AM,1855.45,24,44530.8,303670032.05000013
09:20:15 AM,1855.45,1,1855.45,303671887.5000001
09:20:15 AM,1855.45,4,7421.8,303679309.30000013
09:20:17 AM,1855.6,0,0.0,303679309.30000013
09:20:17 AM,1855.7,310,575267.0,304254576.30000013
09:20:18 AM,1855.2,200,371040.0,304625616.30000013
09:20:18 AM,1855.65,0,0.0,304625616.30000013
09:20:18 AM,1855.65,6,11133.900000000001,304636750.2000001
09:20:18 AM,1855.2,0,0.0,304636750.2000001
09:20:19 AM,1855.2,10,18552.0,304655302.2000001
09:20:19 AM,1855.2,5,9276.0,304664578.2000001
09:20:20 AM,1854.9,0,0.0,304664578.2000001
09:20:20 AM,1854.9,608,1127779.2,305792357.4000001
09:20:21 AM,1855.2,1,1855.2,305794212.6000001
09:20:21 AM,1855.25,0,0.0,305794212.6000001
09:20:21 AM,1855.3,16,29684.8,305823897.4000001
09:20:22 AM,1854.1,0,0.0,305823897.4000001
09:20:22 AM,1854.05,89,165010.44999999998,305988907.8500001
09:20:23 AM,1854.65,2,3709.3,305992617.1500001
09:20:23 AM,1854.7,0,0.0,305992617.1500001
09:20:23 AM,1854.7,6,11128.2,306003745.3500001
09:20:24 AM,1854.0,200,370800.0,306374545.3500001
09:20:24 AM,1853.3,323,598615.9,306973161.25000006
09:20:25 AM,1853.7,0,0.0,306973161.25000006
09:20:25 AM,1853.7,7,12975.9,306986137.15000004
09:20:26 AM,1854.05,0,0.0,306986137.15000004
09:20:26 AM,1854.05,5,9270.25,306995407.40000004
09:20:27 AM,1853.35,9,16680.149999999998,307012087.55
09:20:27 AM,1854.1,9,16686.899999999998,307028774.45
09:20:27 AM,1853.85,0,0.0,307028774.45
09:20:28 AM,1853.85,1,1853.85,307030628.3
09:20:28 AM,1854.15,0,0.0,307030628.3
09:20:28 AM,1854.15,2,3708.3,307034336.6
09:20:29 AM,1854.05,20,37081.0,307071417.6
09:20:29 AM,1854.1,0,0.0,307071417.6
09:20:29 AM,1854.1,62,114954.2,307186371.8
09:20:29 AM,1854.15,0,0.0,307186371.8
09:20:30 AM,1854.2,51,94564.2,307280936.0
09:20:30 AM,1854.8,0,0.0,307280936.0
09:20:30 AM,1854.8,2,3709.6,307284645.6
09:20:30 AM,1854.0,0,0.0,307284645.6
09:20:31 AM,1854.15,525,973428.75,308258074.35
09:20:31 AM,1855.1,0,0.0,308258074.35
09:20:31 AM,1855.1,26,48232.6,308306306.95000005
09:20:31 AM,1854.45,0,0.0,308306306.95000005
09:20:32 AM,1855.0,13,24115.0,308330421.95000005
09:20:32 AM,1854.75,0,0.0,308330421.95000005
09:20:32 AM,1854.75,5,9273.75,308339695.70000005
09:20:33 AM,1854.8,0,0.0,308339695.70000005
09:20:33 AM,1854.8,2,3709.6,308343405.3000001
09:20:34 AM,1855.3,0,0.0,308343405.3000001
09:20:35 AM,1855.3,3,5565.9,308348971.20000005
09:20:35 AM,1855.15,0,0.0,308348971.20000005
09:20:36 AM,1855.15,1,1855.15,308350826.35
09:20:36 AM,1855.1,0,0.0,308350826.35
09:20:37 AM,1855.1,8,14840.8,308365667.15000004
09:20:37 AM,1854.8,2,3709.6,308369376.75000006
09:20:37 AM,1855.1,0,0.0,308369376.75000006
09:20:38 AM,1855.1,130,241163.0,308610539.75000006
09:20:39 AM,1854.8,120,222576.0,308833115.75000006
09:20:40 AM,1854.8,1,1854.8,308834970.5500001
09:20:40 AM,1854.65,100,185465.0,309020435.5500001
09:20:40 AM,1854.8,0,0.0,309020435.5500001
09:20:41 AM,1854.8,4,7419.2,309027854.75000006
09:20:41 AM,1854.8,13,24112.399999999998,309051967.15000004
09:20:42 AM,1854.8,16,29676.8,309081643.95000005
09:20:42 AM,1854.6,0,0.0,309081643.95000005
09:20:42 AM,1854.8,0,0.0,309081643.95000005
09:20:43 AM,1854.8,28,51934.4,309133578.35
09:20:43 AM,1854.3,0,0.0,309133578.35
09:20:44 AM,1854.3,10,18543.0,309152121.35
09:20:44 AM,1854.35,2,3708.7,309155830.05
09:20:44 AM,1854.8,0,0.0,309155830.05
09:20:45 AM,1854.8,1,1854.8,309157684.85
09:20:45 AM,1854.25,0,0.0,309157684.85
09:20:45 AM,1854.2,0,0.0,309157684.85
09:20:46 AM,1854.2,38,70459.6,309228144.45000005
09:20:46 AM,1854.25,108,200259.0,309428403.45000005
09:20:47 AM,1854.3,1,1854.3,309430257.75000006
09:20:47 AM,1854.05,1,1854.05,309432111.8000001
09:20:47 AM,1854.7,0,0.0,309432111.8000001
09:20:48 AM,1854.7,20,37094.0,309469205.8000001
09:20:48 AM,1854.7,11,20401.7,309489607.50000006
09:20:48 AM,1854.75,0,0.0,309489607.50000006
09:20:49 AM,1854.8,43,79756.4,309569363.90000004
09:20:49 AM,1854.7,0,0.0,309569363.90000004
09:20:50 AM,1854.7,6,11128.2,309580492.1
09:20:50 AM,1854.75,0,0.0,309580492.1
09:20:51 AM,1854.75,59,109430.25,309689922.35
09:20:52 AM,1854.65,2,3709.3,309693631.65000004
09:20:52 AM,1854.7,0,0.0,309693631.65000004
09:20:52 AM,1854.3,0,0.0,309693631.65000004
09:20:53 AM,1854.3,268,496952.39999999997,310190584.05
09:20:53 AM,1854.65,6,11127.900000000001,310201711.95
09:20:53 AM,1854.7,0,0.0,310201711.95
09:20:53 AM,1854.7,23,42658.1,310244370.05
09:20:54 AM,1854.05,0,0.0,310244370.05
09:20:54 AM,1854.05,2,3708.1,310248078.15000004
09:20:54 AM,1854.75,0,0.0,310248078.15000004
09:20:55 AM,1854.05,158,292939.89999999997,310541018.05
09:20:55 AM,1854.2,0,0.0,310541018.05
09:20:56 AM,1854.2,8,14833.6,310555851.65000004
09:20:56 AM,1854.05,0,0.0,310555851.65000004
09:20:56 AM,1854.05,5,9270.25,310565121.90000004
09:20:56 AM,1853.85,0,0.0,310565121.90000004
09:20:57 AM,1854.0,2491,4618314.0,315183435.90000004
09:20:57 AM,1854.05,0,0.0,315183435.90000004
09:20:57 AM,1854.05,11,20394.55,315203830.45000005
09:20:58 AM,1854.05,5,9270.25,315213100.70000005
09:20:58 AM,1854.05,301,558069.0499999999,315771169.75000006
09:20:59 AM,1853.35,27,50040.45,315821210.20000005
09:20:59 AM,1853.9,0,0.0,315821210.20000005
09:20:59 AM,1853.9,35,64886.5,315886096.70000005
09:21:01 AM,1853.2,0,0.0,315886096.70000005
09:21:01 AM,1853.2,23,42623.6,315928720.3000001
09:21:01 AM,1853.2,68,126017.6,316054737.9000001
09:21:01 AM,1853.3,0,0.0,316054737.9000001
09:21:02 AM,1852.85,1129,2091867.65,318146605.5500001
09:21:02 AM,1852.9,0,0.0,318146605.5500001
09:21:02 AM,1852.9,3,5558.700000000001,318152164.25000006
09:21:02 AM,1853.3,0,0.0,318152164.25000006
09:21:03 AM,1853.3,1005,1862566.5,320014730.75000006
09:21:03 AM,1853.2,0,0.0,320014730.75000006
09:21:03 AM,1853.2,31,57449.200000000004,320072179.95000005
09:21:03 AM,1853.25,0,0.0,320072179.95000005
09:21:04 AM,1853.0,124,229772.0,320301951.95000005
09:21:04 AM,1852.95,0,0.0,320301951.95000005
09:21:04 AM,1852.95,216,400237.2,320702189.15000004
09:21:05 AM,1852.25,40,74090.0,320776279.15000004
09:21:05 AM,1853.0,0,0.0,320776279.15000004
09:21:05 AM,1853.0,38,70414.0,320846693.15000004
09:21:06 AM,1853.0,45,83385.0,320930078.15000004
09:21:06 AM,1853.0,1,1853.0,320931931.15000004
09:21:08 AM,1853.0,1,1853.0,320933784.15000004
09:21:08 AM,1852.65,6,11115.900000000001,320944900.05
09:21:09 AM,1852.6,125,231575.0,321176475.05
09:21:09 AM,1852.95,0,0.0,321176475.05
09:21:09 AM,1852.6,80,148208.0,321324683.05
09:21:09 AM,1853.0,0,0.0,321324683.05
09:21:10 AM,1853.35,737,1365918.95,322690602.0
09:21:10 AM,1853.4,0,0.0,322690602.0
09:21:10 AM,1853.75,0,0.0,322690602.0
09:21:10 AM,1853.25,52,96369.0,322786971.0
09:21:11 AM,1853.75,0,0.0,322786971.0
09:21:11 AM,1853.75,5,9268.75,322796239.75
09:21:12 AM,1853.75,2,3707.5,322799947.25
09:21:12 AM,1854.0,0,0.0,322799947.25
09:21:12 AM,1854.0,53,98262.0,322898209.25
09:21:13 AM,1854.0,9,16686.0,322914895.25
09:21:13 AM,1854.0,18,33372.0,322948267.25
09:21:15 AM,1853.95,50,92697.5,323040964.75
09:21:15 AM,1853.8,0,0.0,323040964.75
09:21:15 AM,1853.8,242,448619.6,323489584.35
09:21:16 AM,1853.95,0,0.0,323489584.35
09:21:16 AM,1853.95,23,42640.85,323532225.20000005
09:21:17 AM,1853.95,3,5561.85,323537787.0500001
09:21:17 AM,1853.95,21,38932.950000000004,323576720.00000006
09:21:18 AM,1853.95,2,3707.9,323580427.90000004
09:21:18 AM,1853.95,6,11123.7,323591551.6
09:21:19 AM,1853.95,7,12977.65,323604529.25
09:21:19 AM,1853.8,0,0.0,323604529.25
09:21:19 AM,1853.95,2,3707.9,323608237.15
09:21:20 AM,1853.95,4,7415.8,323615652.95
09:21:21 AM,1853.95,4,7415.8,323623068.75
09:21:21 AM,1854.0,0,0.0,323623068.75
09:21:21 AM,1854.0,100,185400.0,323808468.75
09:21:22 AM,1854.05,608,1127262.4,324935731.15
09:21:23 AM,1854.4,46,85302.40000000001,325021033.54999995
09:21:23 AM,1854.75,0,0.0,325021033.54999995
09:21:23 AM,1854.75,4,7419.0,325028452.54999995
09:21:24 AM,1854.25,50,92712.5,325121165.04999995
09:21:24 AM,1854.7,9,16692.3,325137857.34999996
09:21:25 AM,1854.7,8,14837.6,325152694.95
09:21:26 AM,1854.7,144,267076.8,325419771.75
09:21:27 AM,1854.7,1,1854.7,325421626.45
09:21:28 AM,1854.8,190,352412.0,325774038.45
09:21:28 AM,1855.0,0,0.0,325774038.45
09:21:28 AM,1855.0,179,332045.0,326106083.45
09:21:29 AM,1854.6,6,11127.599999999999,326117211.05
09:21:29 AM,1855.0,0,0.0,326117211.05
09:21:29 AM,1855.55,457,847986.35,326965197.40000004
09:21:30 AM,1855.0,1,1855.0,326967052.40000004
09:21:31 AM,1855.5,175,324712.5,327291764.90000004
09:21:32 AM,1855.55,0,0.0,327291764.90000004
09:21:32 AM,1855.55,6,11133.3,327302898.20000005
09:21:33 AM,1855.6,5,9278.0,327312176.20000005
09:21:33 AM,1855.55,0,0.0,327312176.20000005
09:21:33 AM,1855.55,15,27833.25,327340009.45000005
09:21:34 AM,1855.6,5,9278.0,327349287.45000005
09:21:34 AM,1855.5,0,0.0,327349287.45000005
09:21:34 AM,1855.5,163,302446.5,327651733.95000005
09:21:35 AM,1855.55,0,0.0,327651733.95000005
09:21:35 AM,1855.55,6,11133.3,327662867.25000006
09:21:36 AM,1855.6,10,18556.0,327681423.25000006
09:21:36 AM,1855.55,0,0.0,327681423.25000006
09:21:37 AM,1855.6,9,16700.399999999998,327698123.65000004
09:21:37 AM,1855.55,51,94633.05,327792756.70000005
09:21:37 AM,1855.6,0,0.0,327792756.70000005
09:21:38 AM,1855.6,13,24122.8,327816879.50000006
09:21:38 AM,1855.6,2,3711.2,327820590.70000005
09:21:38 AM,1855.55,0,0.0,327820590.70000005
09:21:39 AM,1855.55,57,105766.34999999999,327926357.0500001
09:21:39 AM,1855.6,161,298751.6,328225108.6500001
09:21:41 AM,1855.6,13,24122.8,328249231.4500001
09:21:42 AM,1855.6,24,44534.399999999994,328293765.8500001
09:21:42 AM,1855.6,50,92780.0,328386545.8500001
09:21:43 AM,1855.6,28,51956.799999999996,328438502.6500001
09:21:44 AM,1855.6,18,33400.799999999996,328471903.4500001
09:21:44 AM,1855.6,58,107624.79999999999,328579528.2500001
09:21:45 AM,1855.9,20,37118.0,328616646.2500001
09:21:46 AM,1855.75,36,66807.0,328683453.2500001
09:21:46 AM,1855.55,13,24122.149999999998,328707575.4000001
09:21:46 AM,1855.9,0,0.0,328707575.4000001
09:21:47 AM,1855.9,3,5567.700000000001,328713143.1000001
09:21:47 AM,1855.9,16,29694.4,328742837.50000006
09:21:47 AM,1855.6,0,0.0,328742837.50000006
09:21:48 AM,1855.6,22,40823.2,328783660.70000005
09:21:48 AM,1855.85,24,44540.399999999994,328828201.1
09:21:48 AM,1855.6,0,0.0,328828201.1
09:21:49 AM,1855.6,28,51956.799999999996,328880157.90000004
09:21:49 AM,1855.95,8,14847.6,328895005.50000006
09:21:49 AM,1855.6,0,0.0,328895005.50000006
09:21:50 AM,1855.95,20,37119.0,328932124.50000006
09:21:50 AM,1855.75,13,24124.75,328956249.25000006
09:21:51 AM,1855.55,253,469454.14999999997,329425703.40000004
09:21:51 AM,1855.05,0,0.0,329425703.40000004
09:21:52 AM,1855.05,1000,1855050.0,331280753.40000004
09:21:52 AM,1855.7,137,254230.9,331534984.3
09:21:53 AM,1855.75,265,491773.75,332026758.05
09:21:53 AM,1855.7,249,462069.3,332488827.35
09:21:53 AM,1856.15,0,0.0,332488827.35
09:21:54 AM,1856.1,12,22273.199999999997,332511100.55
09:21:54 AM,1856.65,0,0.0,332511100.55
09:21:54 AM,1856.65,3,5569.950000000001,332516670.5
09:21:54 AM,1856.1,0,0.0,332516670.5
09:21:55 AM,1856.1,67,124358.7,332641029.2
09:21:55 AM,1856.95,0,0.0,332641029.2
09:21:55 AM,1856.95,18,33425.1,332674454.3
09:21:56 AM,1856.95,40,74278.0,332748732.3
09:21:56 AM,1856.95,15,27854.25,332776586.55
09:21:57 AM,1856.95,15,27854.25,332804440.8
09:21:58 AM,1856.95,5,9284.75,332813725.55
09:21:58 AM,1856.4,0,0.0,332813725.55
09:21:58 AM,1856.4,28,51979.200000000004,332865704.75
09:21:59 AM,1856.95,0,0.0,332865704.75
09:21:59 AM,1856.95,548,1017608.6,333883313.35
09:21:59 AM,1856.9,0,0.0,333883313.35
09:22:00 AM,1856.9,21,38994.9,333922308.25
09:22:00 AM,1856.4,0,0.0,333922308.25
09:22:00 AM,1856.4,239,443679.60000000003,334365987.85
09:22:01 AM,1855.3,109,202227.69999999998,334568215.55
09:22:01 AM,1855.35,0,0.0,334568215.55
09:22:01 AM,1855.35,4,7421.4,334575636.95
09:22:02 AM,1856.2,6,11137.2,334586774.15
09:22:04 AM,1856.2,1,1856.2,334588630.34999996
09:22:05 AM,1856.2,7,12993.4,334601623.74999994
09:22:06 AM,1856.2,40,74248.0,334675871.74999994
09:22:06 AM,1856.2,20,37124.0,334712995.74999994
09:22:06 AM,1856.3,0,0.0,334712995.74999994
09:22:07 AM,1856.3,3,5568.9,334718564.6499999
09:22:07 AM,1856.25,0,0.0,334718564.6499999
09:22:07 AM,1856.25,4,7425.0,334725989.6499999
09:22:09 AM,1856.1,15,27841.5,334753831.1499999
09:22:09 AM,1855.6,0,0.0,334753831.1499999
09:22:09 AM,1855.6,8,14844.8,334768675.9499999
09:22:10 AM,1856.1,2,3712.2,334772388.1499999
09:22:10 AM,1855.5,0,0.0,334772388.1499999
09:22:10 AM,1855.5,14,25977.0,334798365.1499999
09:22:11 AM,1856.15,0,0.0,334798365.1499999
09:22:11 AM,1856.1,8,14848.8,334813213.9499999
09:22:12 AM,1855.3,0,0.0,334813213.9499999
09:22:12 AM,1855.3,200,371060.0,335184273.9499999
09:22:12 AM,1855.0,0,0.0,335184273.9499999
09:22:13 AM,1855.05,885,1641719.25,336825993.1999999
09:22:13 AM,1855.9,0,0.0,336825993.1999999
09:22:13 AM,1855.9,16,29694.4,336855687.5999999
09:22:13 AM,1855.95,0,0.0,336855687.5999999
09:22:14 AM,1855.95,7,12991.65,336868679.2499999
09:22:14 AM,1855.7,6,11134.2,336879813.44999987
09:22:14 AM,1855.95,0,0.0,336879813.44999987
09:22:15 AM,1855.95,11,20415.45,336900228.89999986
09:22:15 AM,1855.95,29,53822.55,336954051.44999987
09:22:16 AM,1855.95,5,9279.75,336963331.19999987
09:22:16 AM,1855.7,26,48248.200000000004,337011579.39999986
09:22:17 AM,1855.7,120,222684.0,337234263.39999986
09:22:18 AM,1855.4,0,0.0,337234263.39999986
09:22:18 AM,1855.4,18,33397.200000000004,337267660.59999985
09:22:18 AM,1856.0,0,0.0,337267660.59999985
09:22:19 AM,1856.0,200,371200.0,337638860.59999985
09:22:19 AM,1856.0,25,46400.0,337685260.59999985
09:22:20 AM,1855.95,0,0.0,337685260.59999985
09:22:20 AM,1855.95,33,61246.35,337746506.94999987
09:22:21 AM,1855.95,32,59390.4,337805897.34999985
09:22:21 AM,1855.85,0,0.0,337805897.34999985
09:22:22 AM,1855.85,3,5567.549999999999,337811464.89999986
09:22:22 AM,1855.8,0,0.0,337811464.89999986
09:22:22 AM,1855.8,1,1855.8,337813320.69999987
09:22:22 AM,1855.45,0,0.0,337813320.69999987
09:22:23 AM,1855.45,9,16699.05,337830019.7499999
09:22:23 AM,1855.45,24,44530.8,337874550.5499999
09:22:24 AM,1855.45,5,9277.25,337883827.7999999
09:22:24 AM,1855.4,0,0.0,337883827.7999999
09:22:24 AM,1855.4,2,3710.8,337887538.5999999
09:22:24 AM,1855.45,0,0.0,337887538.5999999
09:22:25 AM,1855.95,181,335926.95,338223465.5499999
09:22:25 AM,1855.6,0,0.0,338223465.5499999
09:22:25 AM,1855.95,70,129916.5,338353382.0499999
09:22:26 AM,1855.9,0,0.0,338353382.0499999
09:22:26 AM,1855.9,32,59388.8,338412770.8499999
09:22:27 AM,1855.65,0,0.0,338412770.8499999
09:22:27 AM,1855.4,176,326550.4,338739321.2499999
09:22:27 AM,1855.45,0,0.0,338739321.2499999
09:22:28 AM,1855.3,68,126160.4,338865481.64999986
09:22:28 AM,1855.4,0,0.0,338865481.64999986
09:22:28 AM,1855.4,101,187395.40000000002,339052877.04999983
09:22:28 AM,1855.45,0,0.0,339052877.04999983
09:22:29 AM,1855.4,170,315418.0,339368295.04999983
09:22:29 AM,1855.3,0,0.0,339368295.04999983
09:22:29 AM,1855.4,60,111324.0,339479619.04999983
09:22:30 AM,1855.25,0,0.0,339479619.04999983
09:22:30 AM,1855.25,106,196656.5,339676275.54999983
09:22:30 AM,1855.2,0,0.0,339676275.54999983
09:22:31 AM,1855.1,76,140987.6,339817263.14999986
09:22:31 AM,1854.8,0,0.0,339817263.14999986
09:22:31 AM,1854.75,122,226279.5,340043542.64999986
09:22:31 AM,1854.7,0,0.0,340043542.64999986
09:22:32 AM,1854.65,34,63058.100000000006,340106600.7499999
09:22:32 AM,1854.8,0,0.0,340106600.7499999
09:22:32 AM,1854.8,1,1854.8,340108455.5499999
09:22:33 AM,1854.1,0,0.0,340108455.5499999
09:22:33 AM,1854.1,387,717536.7,340825992.2499999
09:22:33 AM,1855.0,0,0.0,340825992.2499999
09:22:34 AM,1854.5,53,98288.5,340924280.7499999
09:22:34 AM,1854.6,0,0.0,340924280.7499999
09:22:34 AM,1854.6,107,198442.19999999998,341122722.94999987
09:22:35 AM,1854.6,1,1854.6,341124577.5499999
09:22:35 AM,1855.3,0,0.0,341124577.5499999
09:22:35 AM,1855.3,40,74212.0,341198789.5499999
09:22:36 AM,1855.25,1,1855.25,341200644.7999999
09:22:36 AM,1855.4,0,0.0,341200644.7999999
09:22:37 AM,1855.4,24,44529.600000000006,341245174.3999999
09:22:37 AM,1855.35,0,0.0,341245174.3999999
09:22:38 AM,1855.3,13,24118.899999999998,341269293.2999999
09:22:38 AM,1855.3,6,11131.8,341280425.0999999
09:22:39 AM,1855.3,4,7421.2,341287846.2999999
09:22:41 AM,1855.25,1,1855.25,341289701.5499999
09:22:41 AM,1855.25,3,5565.75,341295267.2999999
09:22:42 AM,1855.2,10,18552.0,341313819.2999999
09:22:42 AM,1855.1,0,0.0,341313819.2999999
09:22:43 AM,1855.15,12,22261.800000000003,341336081.0999999
09:22:44 AM,1855.15,6,11130.900000000001,341347211.9999999
09:22:45 AM,1855.2,6,11131.2,341358343.19999987
09:22:45 AM,1855.15,2,3710.3,341362053.4999999
09:22:46 AM,1855.15,6,11130.900000000001,341373184.39999986
09:22:47 AM,1855.15,8,14841.2,341388025.59999985
09:22:48 AM,1855.15,52,96467.8,341484493.39999986
09:22:49 AM,1855.15,1,1855.15,341486348.54999983
09:22:50 AM,1855.15,12,22261.800000000003,341508610.34999985
09:22:51 AM,1855.15,11,20406.65,341529016.9999998
09:22:52 AM,1854.8,0,0.0,341529016.9999998
09:22:52 AM,1854.9,269,498968.10000000003,342027985.09999985
09:22:52 AM,1854.9,81,150246.9,342178231.9999998
09:22:52 AM,1854.6,0,0.0,342178231.9999998
09:22:53 AM,1854.5,53,98288.5,342276520.4999998
09:22:54 AM,1854.65,22,40802.3,342317322.79999983
09:22:55 AM,1854.65,10,18546.5,342335869.29999983
09:22:56 AM,1854.65,12,22255.800000000003,342358125.09999985
09:22:56 AM,1854.5,20,37090.0,342395215.09999985
09:22:57 AM,1854.1,0,0.0,342395215.09999985
09:22:58 AM,1854.45,112,207698.4,342602913.4999998
09:22:58 AM,1854.5,11,20399.5,342623312.9999998
09:22:59 AM,1854.0,1800,3337200.0,345960512.9999998
09:22:59 AM,1854.2,0,0.0,345960512.9999998
09:23:00 AM,1853.6,18,33364.799999999996,345993877.79999983
09:23:01 AM,1853.35,25,46333.75,346040211.54999983
09:23:02 AM,1854.0,33,61182.0,346101393.54999983
09:23:02 AM,1854.0,1,1854.0,346103247.54999983
09:23:03 AM,1853.3,27,50039.1,346153286.64999986
09:23:03 AM,1854.0,0,0.0,346153286.64999986
09:23:03 AM,1853.95,0,0.0,346153286.64999986
09:23:04 AM,1853.3,83,153823.9,346307110.54999983
09:23:04 AM,1853.9,10,18539.0,346325649.54999983
09:23:05 AM,1853.9,41,76009.90000000001,346401659.4499998
09:23:05 AM,1853.3,10,18533.0,346420192.4499998
09:23:06 AM,1853.9,16,29662.4,346449854.8499998
09:23:07 AM,1853.9,45,83425.5,346533280.3499998
09:23:07 AM,1853.5,0,0.0,346533280.3499998
09:23:08 AM,1853.5,38,70433.0,346603713.3499998
09:23:09 AM,1853.9,11,20392.9,346624106.24999976
09:23:09 AM,1854.35,0,0.0,346624106.24999976
09:23:10 AM,1854.0,698,1294092.0,347918198.24999976
09:23:11 AM,1854.0,154,285516.0,348203714.24999976
09:23:11 AM,1853.85,0,0.0,348203714.24999976
09:23:12 AM,1854.25,79,146485.75,348350199.99999976
09:23:12 AM,1854.2,0,0.0,348350199.99999976
09:23:12 AM,1854.2,1,1854.2,348352054.19999975
09:23:13 AM,1853.65,100,185365.0,348537419.19999975
09:23:13 AM,1854.2,4,7416.8,348544835.99999976
09:23:14 AM,1854.25,13,24105.25,348568941.24999976
09:23:14 AM,1854.15,9,16687.350000000002,348585628.5999998
09:23:15 AM,1854.25,54,100129.5,348685758.0999998
09:23:15 AM,1853.85,0,0.0,348685758.0999998
09:23:16 AM,1854.45,68,126102.6,348811860.6999998
09:23:19 AM,1854.3,0,0.0,348811860.6999998
09:23:19 AM,1854.45,0,0.0,348811860.6999998
09:23:19 AM,1854.45,180,333801.0,349145661.6999998
09:23:20 AM,1854.45,47,87159.15000000001,349232820.8499998
09:23:21 AM,1854.1,300,556230.0,349789050.8499998
09:23:21 AM,1854.15,134,248456.1,350037506.9499998
09:23:21 AM,1854.1,0,0.0,350037506.9499998
09:23:22 AM,1854.1,5,9270.5,350046777.4499998
09:23:22 AM,1854.45,6,11126.7,350057904.1499998
09:23:23 AM,1854.8,18,33386.4,350091290.5499998
09:23:24 AM,1855.0,13,24115.0,350115405.5499998
09:23:24 AM,1855.0,1,1855.0,350117260.5499998
09:23:24 AM,1854.95,0,0.0,350117260.5499998
09:23:25 AM,1854.95,7,12984.65,350130245.19999975
09:23:25 AM,1855.05,17,31535.85,350161781.0499998
09:23:26 AM,1854.45,0,0.0,350161781.0499998
09:23:27 AM,1854.45,326,604550.7000000001,350766331.74999976
09:23:28 AM,1855.0,143,265265.0,351031596.74999976
09:23:28 AM,1855.0,1,1855.0,351033451.74999976
09:23:28 AM,1855.05,0,0.0,351033451.74999976
09:23:29 AM,1855.05,118,218895.9,351252347.64999974
09:23:29 AM,1854.45,0,0.0,351252347.64999974
09:23:30 AM,1855.1,19,35246.9,351287594.5499997
09:23:31 AM,1855.3,2,3710.6,351291305.14999974
09:23:32 AM,1855.95,125,231993.75,351523298.89999974
09:23:32 AM,1855.3,4,7421.2,351530720.0999997
09:23:34 AM,1855.75,0,0.0,351530720.0999997
09:23:34 AM,1855.75,170,315477.5,351846197.5999997
09:23:35 AM,1855.2,0,0.0,351846197.5999997
09:23:35 AM,1855.8,18,33404.4,351879601.9999997
09:23:36 AM,1855.8,22,40827.6,351920429.5999997
09:23:37 AM,1855.8,2,3711.6,351924141.19999975
09:23:38 AM,1855.75,0,0.0,351924141.19999975
09:23:39 AM,1855.75,20,37115.0,351961256.19999975
09:23:40 AM,1855.75,116,215267.0,352176523.19999975
09:23:41 AM,1855.75,4,7423.0,352183946.19999975
09:23:41 AM,1855.75,14,25980.5,352209926.69999975
09:23:42 AM,1855.75,17,31547.75,352241474.44999975
09:23:42 AM,1856.0,0,0.0,352241474.44999975
09:23:42 AM,1856.0,401,744256.0,352985730.44999975
09:23:44 AM,1856.5,1510,2803315.0,355789045.44999975
09:23:44 AM,1856.75,0,0.0,355789045.44999975
09:23:44 AM,1856.55,155,287765.25,356076810.69999975
09:23:44 AM,1857.0,0,0.0,356076810.69999975
09:23:45 AM,1857.0,1292,2399244.0,358476054.69999975
09:23:46 AM,1857.3,0,0.0,358476054.69999975
09:23:46 AM,1857.3,2,3714.6,358479769.2999998
09:23:46 AM,1857.3,2,3714.6,358483483.8999998
09:23:47 AM,1857.9,0,0.0,358483483.8999998
09:23:47 AM,1857.9,36,66884.40000000001,358550368.2999998
09:23:48 AM,1858.0,0,0.0,358550368.2999998
09:23:48 AM,1858.0,100,185800.0,358736168.2999998
09:23:48 AM,1858.0,3,5574.0,358741742.2999998
09:23:49 AM,1857.35,0,0.0,358741742.2999998
09:23:49 AM,1857.35,1,1857.35,358743599.6499998
09:23:49 AM,1857.8,0,0.0,358743599.6499998
09:23:50 AM,1857.8,19,35298.2,358778897.8499998
09:23:51 AM,1857.8,3,5573.4,358784471.24999976
09:23:52 AM,1857.8,260,483028.0,359267499.24999976
09:23:52 AM,1858.0,0,0.0,359267499.24999976
09:23:53 AM,1857.95,0,0.0,359267499.24999976
09:23:53 AM,1857.95,482,895531.9,360163031.14999974
09:23:54 AM,1858.3,0,0.0,360163031.14999974
09:23:54 AM,1858.3,73,135655.9,360298687.0499997
09:23:54 AM,1858.4,187,347520.8,360646207.8499997
09:23:55 AM,1858.4,3,5575.200000000001,360651783.0499997
09:23:55 AM,1858.1,2,3716.2,360655499.2499997
09:23:56 AM,1858.25,0,0.0,360655499.2499997
09:23:56 AM,1858.25,7,13007.75,360668506.9999997
09:23:56 AM,1858.5,23,42745.5,360711252.4999997
09:23:57 AM,1858.4,0,0.0,360711252.4999997
09:23:57 AM,1858.4,158,293627.2,361004879.6999997
09:23:57 AM,1858.4,2,3716.8,361008596.4999997
09:23:58 AM,1857.9,0,0.0,361008596.4999997
09:23:58 AM,1857.9,155,287974.5,361296570.9999997
09:23:59 AM,1858.45,0,0.0,361296570.9999997
09:23:59 AM,1858.45,28,52036.6,361348607.5999997
09:24:00 AM,1858.35,0,0.0,361348607.5999997
09:24:00 AM,1858.35,20,37167.0,361385774.5999997
09:24:00 AM,1858.1,0,0.0,361385774.5999997
09:24:01 AM,1857.75,0,0.0,361385774.5999997
09:24:01 AM,1857.8,1247,2316676.6,363702451.19999975
09:24:02 AM,1857.8,347,644656.6,364347107.7999998
09:24:03 AM,1857.55,0,0.0,364347107.7999998
09:24:03 AM,1857.55,12,22290.6,364369398.3999998
09:24:04 AM,1857.55,49,91019.95,364460418.3499998
09:24:05 AM,1857.55,5,9287.75,364469706.0999998
09:24:05 AM,1857.05,0,0.0,364469706.0999998
09:24:06 AM,1857.5,0,0.0,364469706.0999998
09:24:06 AM,1857.5,107,198752.5,364668458.5999998
09:24:07 AM,1857.5,43,79872.5,364748331.0999998
09:24:08 AM,1857.5,8,14860.0,364763191.0999998
09:24:09 AM,1857.05,0,0.0,364763191.0999998
09:24:09 AM,1857.05,16,29712.8,364792903.8999998
09:24:09 AM,1857.5,100,185750.0,364978653.8999998
09:24:10 AM,1857.05,0,0.0,364978653.8999998
09:24:10 AM,1857.05,1,1857.05,364980510.9499998
09:24:10 AM,1857.55,0,0.0,364980510.9499998
09:24:11 AM,1857.5,2,3715.0,364984225.9499998
09:24:11 AM,1857.1,0,0.0,364984225.9499998
09:24:12 AM,1857.55,15,27863.25,365012089.1999998
09:24:12 AM,1857.6,60,111456.0,365123545.1999998
09:24:12 AM,1857.85,0,0.0,365123545.1999998
09:24:13 AM,1857.6,14,26006.399999999998,365149551.5999998
09:24:13 AM,1857.85,0,0.0,365149551.5999998
09:24:14 AM,1857.6,21,39009.6,365188561.1999998
09:24:14 AM,1857.85,0,0.0,365188561.1999998
09:24:15 AM,1857.85,6,11147.099999999999,365199708.29999983
09:24:15 AM,1858.5,0,0.0,365199708.29999983
09:24:16 AM,1858.5,1911,3551593.5,368751301.79999983
09:24:17 AM,1857.85,0,0.0,368751301.79999983
09:24:17 AM,1857.6,0,0.0,368751301.79999983
09:24:18 AM,1857.85,89,165348.65,368916650.4499998
09:24:19 AM,1857.85,40,74314.0,368990964.4499998
09:24:20 AM,1857.85,5,9289.25,369000253.6999998
09:24:22 AM,1857.85,19,35299.15,369035552.8499998
09:24:24 AM,1857.5,18,33435.0,369068987.8499998
09:24:25 AM,1857.6,0,0.0,369068987.8499998
09:24:25 AM,1858.0,0,0.0,369068987.8499998
09:24:26 AM,1857.5,98,182035.0,369251022.8499998
09:24:27 AM,1857.4,0,0.0,369251022.8499998
09:24:28 AM,1857.4,572,1062432.8,370313455.6499998
09:24:29 AM,1857.35,0,0.0,370313455.6499998
09:24:29 AM,1857.35,8,14858.8,370328314.4499998
09:24:29 AM,1857.35,6,11144.099999999999,370339458.54999983
09:24:29 AM,1857.4,0,0.0,370339458.54999983
09:24:30 AM,1857.45,36,66868.2,370406326.7499998
09:24:31 AM,1857.6,0,0.0,370406326.7499998
09:24:32 AM,1857.05,107,198704.35,370605031.09999985
09:24:32 AM,1857.1,0,0.0,370605031.09999985
09:24:33 AM,1857.1,4,7428.4,370612459.4999998
09:24:35 AM,1857.1,1,1857.1,370614316.59999985
09:24:36 AM,1857.3,2,3714.6,370618031.19999987
09:24:36 AM,1857.3,22,40860.6,370658891.7999999
09:24:37 AM,1857.7,1009,1874419.3,372533311.0999999
09:24:37 AM,1857.7,2,3715.4,372537026.4999999
09:24:38 AM,1857.35,2,3714.7,372540741.19999987
09:24:38 AM,1857.55,4,7430.2,372548171.39999986
09:24:39 AM,1857.45,2,3714.9,372551886.29999983
09:24:39 AM,1857.0,728,1351896.0,373903782.29999983
09:24:40 AM,1856.95,510,947044.5,374850826.79999983
09:24:40 AM,1857.0,0,0.0,374850826.79999983
09:24:41 AM,1857.0,84,155988.0,375006814.79999983
09:24:41 AM,1857.4,0,0.0,375006814.79999983
09:24:41 AM,1857.4,33,61294.200000000004,375068108.9999998
09:24:41 AM,1857.45,0,0.0,375068108.9999998
09:24:42 AM,1857.0,8,14856.0,375082964.9999998
09:24:42 AM,1856.65,0,0.0,375082964.9999998
09:24:42 AM,1857.0,0,0.0,375082964.9999998
09:24:43 AM,1857.0,14,25998.0,375108962.9999998
09:24:44 AM,1857.4,3,5572.200000000001,375114535.1999998
09:24:44 AM,1857.25,0,0.0,375114535.1999998
09:24:44 AM,1857.25,11,20429.75,375134964.9499998
09:24:45 AM,1857.4,0,0.0,375134964.9499998
09:24:45 AM,1857.4,260,482924.0,375617888.9499998
09:24:46 AM,1857.25,0,0.0,375617888.9499998
09:24:46 AM,1857.25,28,52003.0,375669891.9499998
09:24:48 AM,1857.25,3,5571.75,375675463.6999998
09:24:49 AM,1857.3,0,0.0,375675463.6999998
09:24:50 AM,1857.3,13,24144.899999999998,375699608.5999998
09:24:50 AM,1857.3,2,3714.6,375703323.1999998
09:24:51 AM,1856.95,53,98418.35,375801741.54999983
09:24:52 AM,1856.95,135,250688.25,376052429.79999983
09:24:52 AM,1857.0,81,150417.0,376202846.79999983
09:24:53 AM,1857.0,23,42711.0,376245557.79999983
09:24:54 AM,1857.0,35,64995.0,376310552.79999983
09:24:54 AM,1856.95,0,0.0,376310552.79999983
09:24:54 AM,1856.95,15,27854.25,376338407.04999983
09:24:55 AM,1856.7,30,55701.0,376394108.04999983
09:24:55 AM,1856.95,304,564512.8,376958620.84999985
09:24:56 AM,1856.95,25,46423.75,377005044.59999985
09:24:56 AM,1856.6,1,1856.6,377006901.19999987
09:24:57 AM,1856.6,1,1856.6,377008757.7999999
09:24:58 AM,1856.6,2,3713.2,377012470.9999999
09:24:59 AM,1856.6,169,313765.39999999997,377326236.39999986
09:25:00 AM,1857.0,0,0.0,377326236.39999986
09:25:00 AM,1857.0,79,146703.0,377472939.39999986
09:25:02 AM,1857.0,666,1236762.0,378709701.39999986
09:25:02 AM,1857.15,0,0.0,378709701.39999986
09:25:03 AM,1857.2,51,94717.2,378804418.59999985
09:25:04 AM,1857.2,4,7428.8,378811847.39999986
09:25:04 AM,1856.8,5,9284.0,378821131.39999986
09:25:04 AM,1857.2,0,0.0,378821131.39999986
09:25:05 AM,1857.45,9,16717.05,378837848.44999987
09:25:05 AM,1856.8,0,0.0,378837848.44999987
09:25:06 AM,1857.45,414,768984.3,379606832.7499999
09:25:06 AM,1857.5,0,0.0,379606832.7499999
09:25:07 AM,1857.5,191,354782.5,379961615.2499999
09:25:07 AM,1857.45,0,0.0,379961615.2499999
09:25:08 AM,1857.45,1,1857.45,379963472.69999987
09:25:08 AM,1857.25,0,0.0,379963472.69999987
09:25:09 AM,1857.85,42,78029.7,380041502.39999986
09:25:09 AM,1857.7,0,0.0,380041502.39999986
09:25:10 AM,1857.2,53,98431.6,380139933.9999999
09:25:10 AM,1857.8,3,5573.4,380145507.39999986
09:25:11 AM,1857.8,289,536904.2,380682411.59999985
09:25:11 AM,1858.0,0,0.0,380682411.59999985
09:25:12 AM,1858.1,81,150506.1,380832917.69999987
09:25:12 AM,1858.55,0,0.0,380832917.69999987
09:25:12 AM,1857.7,213,395690.10000000003,381228607.7999999
09:25:12 AM,1858.5,0,0.0,381228607.7999999
09:25:12 AM,1858.05,24,44593.2,381273200.9999999
09:25:13 AM,1858.05,24,44593.2,381317794.19999987
09:25:15 AM,1858.55,71,131957.05,381449751.2499999
09:25:16 AM,1858.55,10,18585.5,381468336.7499999
09:25:17 AM,1858.55,25,46463.75,381514800.4999999
09:25:17 AM,1858.55,12,22302.6,381537103.0999999
09:25:18 AM,1858.55,3,5575.65,381542678.7499999
09:25:18 AM,1858.1,0,0.0,381542678.7499999
09:25:19 AM,1858.1,200,371620.0,381914298.7499999
09:25:19 AM,1858.55,0,0.0,381914298.7499999
09:25:20 AM,1858.55,21,39029.549999999996,381953328.2999999
09:25:20 AM,1858.55,1,1858.55,381955186.8499999
09:25:20 AM,1859.0,0,0.0,381955186.8499999
09:25:21 AM,1859.15,198,368111.7,382323298.5499999
09:25:22 AM,1858.75,6,11152.5,382334451.0499999
09:25:22 AM,1858.1,398,739523.7999999999,383073974.8499999
09:25:22 AM,1858.2,0,0.0,383073974.8499999
09:25:23 AM,1858.2,3,5574.6,383079549.4499999
09:25:23 AM,1857.85,471,875047.35,383954596.79999995
09:25:24 AM,1858.45,0,0.0,383954596.79999995
09:25:25 AM,1858.25,162,301036.5,384255633.29999995
09:25:25 AM,1858.85,0,0.0,384255633.29999995
09:25:26 AM,1858.25,140,260155.0,384515788.29999995
09:25:26 AM,1858.95,2,3717.9,384519506.1999999
09:25:27 AM,1857.9,0,0.0,384519506.1999999
09:25:27 AM,1858.3,0,0.0,384519506.1999999
09:25:28 AM,1858.3,67,124506.09999999999,384644012.29999995
09:25:28 AM,1858.75,0,0.0,384644012.29999995
09:25:28 AM,1858.3,0,0.0,384644012.29999995
09:25:29 AM,1858.3,8,14866.4,384658878.6999999
09:25:30 AM,1858.3,1,1858.3,384660736.99999994
09:25:30 AM,1858.15,165,306594.75,384967331.74999994
09:25:31 AM,1858.75,105,195168.75,385162500.49999994
09:25:31 AM,1858.5,0,0.0,385162500.49999994
09:25:32 AM,1858.9,20,37178.0,385199678.49999994
09:25:32 AM,1858.95,0,0.0,385199678.49999994
09:25:32 AM,1858.95,81,150574.95,385350253.4499999
09:25:32 AM,1858.4,0,0.0,385350253.4499999
09:25:33 AM,1858.95,122,226791.9,385577045.3499999
09:25:33 AM,1859.0,143,265837.0,385842882.3499999
09:25:34 AM,1858.95,7,13012.65,385855894.9999999
09:25:35 AM,1858.5,0,0.0,385855894.9999999
09:25:35 AM,1858.5,3,5575.5,385861470.4999999
09:25:37 AM,1858.95,0,0.0,385861470.4999999
09:25:37 AM,1858.95,511,949923.4500000001,386811393.94999987
09:25:37 AM,1858.95,8,14871.6,386826265.5499999
09:25:38 AM,1858.5,4,7434.0,386833699.5499999
09:25:38 AM,1858.75,0,0.0,386833699.5499999
09:25:39 AM,1858.5,0,0.0,386833699.5499999
09:25:39 AM,1858.5,53,98500.5,386932200.0499999
09:25:40 AM,1858.95,0,0.0,386932200.0499999
09:25:40 AM,1858.5,0,0.0,386932200.0499999
09:25:40 AM,1858.5,2,3717.0,386935917.0499999
09:25:41 AM,1858.9,0,0.0,386935917.0499999
09:25:42 AM,1858.9,32,59484.8,386995401.8499999
09:25:42 AM,1858.95,0,0.0,386995401.8499999
09:25:43 AM,1858.95,255,474032.25,387469434.0999999
09:25:43 AM,1858.5,1,1858.5,387471292.5999999
09:25:43 AM,1858.9,0,0.0,387471292.5999999
09:25:44 AM,1858.2,510,947682.0,388418974.5999999
09:25:44 AM,1858.7,0,0.0,388418974.5999999
09:25:45 AM,1858.7,9,16728.3,388435702.8999999
09:25:45 AM,1858.8,0,0.0,388435702.8999999
09:25:46 AM,1858.75,23,42751.25,388478454.1499999
09:25:47 AM,1858.75,7,13011.25,388491465.3999999
09:25:48 AM,1858.75,160,297400.0,388788865.3999999
09:25:49 AM,1858.75,71,131971.25,388920836.6499999
09:25:49 AM,1858.95,0,0.0,388920836.6499999
09:25:50 AM,1858.95,28,52050.6,388972887.24999994
09:25:51 AM,1858.95,250,464737.5,389437624.74999994
09:25:51 AM,1858.95,7,13012.65,389450637.3999999
09:25:52 AM,1858.4,234,434865.60000000003,389885502.99999994
09:25:52 AM,1858.75,0,0.0,389885502.99999994
09:25:52 AM,1858.75,50,92937.5,389978440.49999994
09:25:53 AM,1859.4,284,528069.6,390506510.09999996
09:25:54 AM,1859.45,0,0.0,390506510.09999996
09:25:54 AM,1859.45,100,185945.0,390692455.09999996
09:25:55 AM,1858.65,1,1858.65,390694313.74999994
09:25:55 AM,1859.35,0,0.0,390694313.74999994
09:25:56 AM,1859.35,100,185935.0,390880248.74999994
09:25:56 AM,1858.95,0,0.0,390880248.74999994
09:25:57 AM,1858.95,3,5576.85,390885825.59999996
09:25:58 AM,1858.95,652,1212035.4000000001,392097860.99999994
09:25:58 AM,1859.0,1,1859.0,392099719.99999994
09:25:58 AM,1859.45,0,0.0,392099719.99999994
09:25:59 AM,1859.55,16,29752.8,392129472.79999995
09:25:59 AM,1859.0,55,102245.0,392231717.79999995
09:26:00 AM,1859.7,0,0.0,392231717.79999995
09:26:00 AM,1859.7,21,39053.700000000004,392270771.49999994
09:26:01 AM,1859.4,44,81813.6,392352585.09999996
09:26:02 AM,1859.7,2,3719.4,392356304.49999994
09:26:02 AM,1859.8,0,0.0,392356304.49999994
09:26:03 AM,1859.8,109,202718.19999999998,392559022.6999999
09:26:03 AM,1859.95,75,139496.25,392698518.9499999
09:26:04 AM,1859.95,7,13019.65,392711538.5999999
09:26:04 AM,1859.95,181,336650.95,393048189.5499999
09:26:04 AM,1859.85,0,0.0,393048189.5499999
09:26:05 AM,1859.6,351,652719.6,393700909.1499999
09:26:06 AM,1860.1,0,0.0,393700909.1499999
09:26:06 AM,1860.5,659,1226069.5,394926978.6499999
09:26:07 AM,1859.85,1,1859.85,394928838.49999994
09:26:07 AM,1860.05,0,0.0,394928838.49999994
09:26:08 AM,1860.05,11,20460.55,394949299.04999995
09:26:08 AM,1860.95,0,0.0,394949299.04999995
09:26:09 AM,1860.0,573,1065780.0,396015079.04999995
09:26:10 AM,1860.65,319,593547.35,396608626.4
09:26:10 AM,1860.7,0,0.0,396608626.4
09:26:11 AM,1860.75,205,381453.75,396990080.15
09:26:12 AM,1860.4,85,158134.0,397148214.15
09:26:12 AM,1860.8,0,0.0,397148214.15
09:26:12 AM,1861.0,108,200988.0,397349202.15
09:26:13 AM,1860.8,3,5582.4,397354784.54999995
09:26:13 AM,1861.0,37,68857.0,397423641.54999995
09:26:13 AM,1861.35,0,0.0,397423641.54999995
09:26:14 AM,1861.7,12,22340.4,397445981.9499999
09:26:14 AM,1861.75,0,0.0,397445981.9499999
09:26:15 AM,1861.75,140,260645.0,397706626.9499999
09:26:15 AM,1861.05,0,0.0,397706626.9499999
09:26:15 AM,1861.05,1,1861.05,397708487.99999994
09:26:16 AM,1861.7,207,385371.9,398093859.8999999
09:26:17 AM,1861.9,378,703798.2000000001,398797658.0999999
09:26:17 AM,1861.9,33,61442.700000000004,398859100.7999999
09:26:18 AM,1861.95,51,94959.45,398954060.2499999
09:26:18 AM,1861.55,0,0.0,398954060.2499999
09:26:18 AM,1861.55,6,11169.3,398965229.5499999
09:26:18 AM,1862.0,0,0.0,398965229.5499999
09:26:19 AM,1862.5,652,1214350.0,400179579.5499999
09:26:19 AM,1861.75,0,0.0,400179579.5499999
09:26:19 AM,1861.75,101,188036.75,400367616.2999999
09:26:20 AM,1861.85,3,5585.549999999999,400373201.8499999
09:26:20 AM,1862.35,176,327773.6,400700975.4499999
09:26:21 AM,1862.3,2,3724.6,400704700.04999995
09:26:21 AM,1861.65,0,0.0,400704700.04999995
09:26:22 AM,1861.65,1136,2114834.4,402819534.4499999
09:26:23 AM,1861.45,100,186145.0,403005679.4499999
09:26:23 AM,1861.25,0,0.0,403005679.4499999
09:26:23 AM,1861.25,1,1861.25,403007540.6999999
09:26:23 AM,1861.35,0,0.0,403007540.6999999
09:26:24 AM,1861.55,195,363002.25,403370542.9499999
09:26:25 AM,1861.5,68,126582.0,403497124.9499999
09:26:25 AM,1860.75,0,0.0,403497124.9499999
09:26:26 AM,1860.75,40,74430.0,403571554.9499999
09:26:26 AM,1861.25,0,0.0,403571554.9499999
09:26:27 AM,1861.05,154,286601.7,403858156.6499999
09:26:28 AM,1861.05,3,5583.15,403863739.7999999
09:26:28 AM,1860.75,0,0.0,403863739.7999999
09:26:28 AM,1860.65,398,740538.7000000001,404604278.4999999
09:26:29 AM,1860.65,159,295843.35000000003,404900121.8499999
09:26:30 AM,1860.95,35,65133.25,404965255.0999999
09:26:30 AM,1860.95,10,18609.5,404983864.5999999
09:26:31 AM,1860.9,0,0.0,404983864.5999999
09:26:31 AM,1860.9,13,24191.7,405008056.2999999
09:26:32 AM,1860.4,342,636256.8,405644313.0999999
09:26:32 AM,1860.95,0,0.0,405644313.0999999
09:26:33 AM,1860.45,3,5581.35,405649894.4499999
09:26:33 AM,1860.95,16,29775.2,405679669.6499999
09:26:33 AM,1860.45,0,0.0,405679669.6499999
09:26:34 AM,1860.95,289,537814.55,406217484.1999999
09:26:35 AM,1861.05,17,31637.85,406249122.04999995
09:26:35 AM,1861.25,0,0.0,406249122.04999995
09:26:35 AM,1861.25,100,186125.0,406435247.04999995
09:26:37 AM,1860.8,0,0.0,406435247.04999995
09:26:37 AM,1860.8,5,9304.0,406444551.04999995
09:26:37 AM,1860.6,0,0.0,406444551.04999995
09:26:37 AM,1860.5,0,0.0,406444551.04999995
09:26:38 AM,1860.5,124,230702.0,406675253.04999995
09:26:38 AM,1860.5,376,699548.0,407374801.04999995
09:26:39 AM,1860.7,0,0.0,407374801.04999995
09:26:40 AM,1860.7,114,212119.80000000002,407586920.84999996
09:26:41 AM,1861.05,1,1861.05,407588781.9
09:26:41 AM,1861.05,12,22332.6,407611114.5
09:26:41 AM,1861.25,0,0.0,407611114.5
09:26:42 AM,1861.25,26,48392.5,407659507.0
09:26:42 AM,1860.8,0,0.0,407659507.0
09:26:43 AM,1860.8,1,1860.8,407661367.8
09:26:44 AM,1860.7,113,210259.1,407871626.90000004
09:26:44 AM,1861.1,0,0.0,407871626.90000004
09:26:45 AM,1861.1,34,63277.399999999994,407934904.3
09:26:46 AM,1861.0,0,0.0,407934904.3
09:26:46 AM,1861.0,11,20471.0,407955375.3
09:26:46 AM,1860.95,0,0.0,407955375.3
09:26:47 AM,1860.95,8,14887.6,407970262.90000004
09:26:48 AM,1860.7,0,0.0,407970262.90000004
09:26:48 AM,1860.7,1,1860.7,407972123.6
09:26:49 AM,1860.95,7,13026.65,407985150.25
09:26:50 AM,1860.95,3,5582.85,407990733.1
09:26:50 AM,1860.35,50,93017.5,408083750.6
09:26:50 AM,1860.8,0,0.0,408083750.6
09:26:51 AM,1860.8,10,18608.0,408102358.6
09:26:51 AM,1860.8,9,16747.2,408119105.8
09:26:51 AM,1860.5,0,0.0,408119105.8
09:26:52 AM,1860.75,104,193518.0,408312623.8
09:26:52 AM,1860.2,1,1860.2,408314484.0
09:26:53 AM,1860.75,3,5582.25,408320066.25
09:26:53 AM,1860.25,0,0.0,408320066.25
09:26:53 AM,1860.9,0,0.0,408320066.25
09:26:54 AM,1860.9,302,561991.8,408882058.05
09:26:54 AM,1860.9,27,50244.3,408932302.35
09:26:54 AM,1860.95,0,0.0,408932302.35
09:26:55 AM,1860.95,5,9304.75,408941607.1
09:26:55 AM,1860.85,1,1860.85,408943467.95000005
09:26:55 AM,1860.95,0,0.0,408943467.95000005
09:26:56 AM,1860.95,23,42801.85,408986269.8000001
09:26:56 AM,1861.0,16,29776.0,409016045.8000001
09:26:57 AM,1861.0,91,169351.0,409185396.8000001
09:26:58 AM,1861.0,10,18610.0,409204006.8000001
09:26:59 AM,1861.0,5,9305.0,409213311.8000001
09:26:59 AM,1860.8,50,93040.0,409306351.8000001
09:26:59 AM,1860.7,0,0.0,409306351.8000001
09:27:00 AM,1860.7,8,14885.6,409321237.4000001
09:27:00 AM,1861.0,3,5583.0,409326820.4000001
09:27:01 AM,1861.0,16,29776.0,409356596.4000001
09:27:02 AM,1861.0,20,37220.0,409393816.4000001
09:27:02 AM,1860.7,135,251194.5,409645010.9000001
09:27:02 AM,1861.5,0,0.0,409645010.9000001
09:27:02 AM,1860.8,0,0.0,409645010.9000001
09:27:03 AM,1860.8,566,1053212.8,410698223.7000001
09:27:03 AM,1861.1,0,0.0,410698223.7000001
09:27:03 AM,1861.1,160,297776.0,410995999.7000001
09:27:03 AM,1861.05,0,0.0,410995999.7000001
09:27:04 AM,1861.05,50,93052.5,411089052.2000001
09:27:04 AM,1861.55,0,0.0,411089052.2000001
09:27:04 AM,1861.55,262,487726.1,411576778.30000013
09:27:05 AM,1861.55,20,37231.0,411614009.30000013
09:27:06 AM,1861.25,0,0.0,411614009.30000013
09:27:06 AM,1861.25,27,50253.75,411664263.05000013
09:27:07 AM,1861.25,100,186125.0,411850388.05000013
09:27:08 AM,1861.95,0,0.0,411850388.05000013
09:27:08 AM,1861.95,20,37239.0,411887627.05000013
09:27:10 AM,1861.95,107,199228.65,412086855.7000001
09:27:11 AM,1861.95,123,229019.85,412315875.55000013
09:27:12 AM,1861.55,0,0.0,412315875.55000013
09:27:12 AM,1861.3,650,1209845.0,413525720.55000013
09:27:12 AM,1861.8,3,5585.4,413531305.9500001
09:27:14 AM,1861.55,0,0.0,413531305.9500001
09:27:14 AM,1861.55,2,3723.1,413535029.05000013
09:27:14 AM,1861.8,10,18618.0,413553647.05000013
09:27:17 AM,1861.35,0,0.0,413553647.05000013
09:27:17 AM,1861.0,159,295899.0,413849546.05000013
09:27:17 AM,1860.8,50,93040.0,413942586.05000013
09:27:18 AM,1861.4,9,16752.600000000002,413959338.65000015
09:27:19 AM,1861.4,6,11168.400000000001,413970507.05000013
09:27:19 AM,1860.8,3,5582.4,413976089.4500001
09:27:20 AM,1861.4,2,3722.8,413979812.2500001
09:27:21 AM,1861.4,1,1861.4,413981673.6500001
09:27:21 AM,1861.1,1,1861.1,413983534.7500001
09:27:22 AM,1860.7,0,0.0,413983534.7500001
09:27:22 AM,1861.15,141,262422.15,414245956.9000001
09:27:23 AM,1861.15,33,61417.950000000004,414307374.8500001
09:27:24 AM,1860.95,0,0.0,414307374.8500001
09:27:24 AM,1860.95,10,18609.5,414325984.3500001
09:27:24 AM,1861.35,15,27920.25,414353904.6000001
09:27:24 AM,1861.0,0,0.0,414353904.6000001
09:27:25 AM,1861.5,83,154504.5,414508409.1000001
09:27:26 AM,1861.35,15,27920.25,414536329.3500001
09:27:26 AM,1861.35,2,3722.7,414540052.0500001
09:27:26 AM,1861.0,0,0.0,414540052.0500001
09:27:27 AM,1861.35,101,187996.34999999998,414728048.4000001
09:27:27 AM,1861.0,53,98633.0,414826681.4000001
09:27:28 AM,1861.5,5,9307.5,414835988.9000001
09:27:29 AM,1861.5,35,65152.5,414901141.4000001
09:27:29 AM,1861.55,1,1861.55,414903002.9500001
09:27:30 AM,1861.4,0,0.0,414903002.9500001
09:27:31 AM,1861.4,13,24198.2,414927201.1500001
09:27:32 AM,1861.4,1,1861.4,414929062.5500001
09:27:32 AM,1861.4,21,39089.4,414968151.95000005
09:27:32 AM,1861.45,0,0.0,414968151.95000005
09:27:33 AM,1861.55,15,27923.25,414996075.20000005
09:27:35 AM,1861.45,0,0.0,414996075.20000005
09:27:35 AM,1861.45,57,106102.65000000001,415102177.85
09:27:35 AM,1861.55,0,0.0,415102177.85
09:27:36 AM,1861.45,18,33506.1,415135683.95000005
09:27:37 AM,1861.8,72,134049.6,415269733.5500001
09:27:37 AM,1861.8,32,59577.6,415329311.1500001
09:27:38 AM,1861.8,4,7447.2,415336758.3500001
09:27:39 AM,1861.55,108,201047.4,415537805.75000006
09:27:39 AM,1861.8,0,0.0,415537805.75000006
09:27:40 AM,1861.55,9,16753.95,415554559.70000005
09:27:41 AM,1861.8,6,11170.8,415565730.50000006
09:27:42 AM,1861.55,124,230832.19999999998,415796562.70000005
09:27:42 AM,1861.8,0,0.0,415796562.70000005
09:27:43 AM,1861.55,0,0.0,415796562.70000005
09:27:43 AM,1861.8,35,65163.0,415861725.70000005
09:27:43 AM,1861.8,195,363051.0,416224776.70000005
09:27:43 AM,1862.35,0,0.0,416224776.70000005
09:27:44 AM,1862.5,418,778525.0,417003301.70000005
09:27:44 AM,1862.6,0,0.0,417003301.70000005
09:27:45 AM,1862.6,62,115481.2,417118782.90000004
09:27:45 AM,1862.65,0,0.0,417118782.90000004
09:27:46 AM,1862.65,75,139698.75,417258481.65000004
09:27:46 AM,1863.0,0,0.0,417258481.65000004
09:27:47 AM,1863.0,1470,2738610.0,419997091.65000004
09:27:48 AM,1862.6,0,0.0,419997091.65000004
09:27:48 AM,1862.6,10,18626.0,420015717.65000004
09:27:48 AM,1861.95,37,68892.15000000001,420084609.8
09:27:49 AM,1862.0,394,733628.0,420818237.8
09:27:49 AM,1862.05,10,18620.5,420836858.3
09:27:50 AM,1862.0,0,0.0,420836858.3
09:27:50 AM,1862.0,44,81928.0,420918786.3
09:27:51 AM,1862.0,2,3724.0,420922510.3
09:27:51 AM,1862.2,7,13035.4,420935545.7
09:27:51 AM,1861.75,0,0.0,420935545.7
09:27:52 AM,1862.15,16,29794.4,420965340.09999996
09:27:52 AM,1862.2,81,150838.2,421116178.29999995
09:27:54 AM,1862.0,0,0.0,421116178.29999995
09:27:54 AM,1862.0,500,931000.0,422047178.29999995
09:27:54 AM,1861.75,18,33511.5,422080689.79999995
09:27:55 AM,1862.0,280,521360.0,422602049.79999995
09:27:56 AM,1861.8,50,93090.0,422695139.79999995
09:27:57 AM,1862.0,0,0.0,422695139.79999995
09:27:57 AM,1862.0,184,342608.0,423037747.79999995
09:27:58 AM,1861.8,3,5585.4,423043333.1999999
09:27:59 AM,1861.75,0,0.0,423043333.1999999
09:27:59 AM,1861.75,467,869437.25,423912770.4499999
09:27:59 AM,1861.75,27,50267.25,423963037.6999999
09:28:00 AM,1862.0,74,137788.0,424100825.6999999
09:28:00 AM,1861.75,0,0.0,424100825.6999999
09:28:00 AM,1862.0,42,78204.0,424179029.6999999
09:28:01 AM,1862.0,45,83790.0,424262819.6999999
09:28:02 AM,1861.65,27,50264.55,424313084.24999994
09:28:04 AM,1861.65,33,61434.450000000004,424374518.6999999
09:28:05 AM,1861.9,0,0.0,424374518.6999999
09:28:05 AM,1861.65,118,219674.7,424594193.3999999
09:28:06 AM,1861.55,309,575218.95,425169412.3499999
09:28:07 AM,1861.5,100,186150.0,425355562.3499999
09:28:07 AM,1861.55,99,184293.44999999998,425539855.7999999
09:28:08 AM,1861.5,19,35368.5,425575224.2999999
09:28:09 AM,1861.5,1,1861.5,425577085.7999999
09:28:10 AM,1860.9,215,400093.5,425977179.2999999
09:28:10 AM,1861.55,0,0.0,425977179.2999999
09:28:10 AM,1861.55,25,46538.75,426023718.0499999
09:28:11 AM,1861.55,6,11169.3,426034887.3499999
09:28:11 AM,1861.55,7,13030.85,426047918.1999999
09:28:12 AM,1860.9,0,0.0,426047918.1999999
09:28:13 AM,1860.9,200,372180.0,426420098.1999999
09:28:13 AM,1861.15,0,0.0,426420098.1999999
09:28:14 AM,1861.55,58,107969.9,426528068.0999999
09:28:14 AM,1861.85,0,0.0,426528068.0999999
09:28:15 AM,1862.0,241,448742.0,426976810.0999999
09:28:15 AM,1861.85,0,0.0,426976810.0999999
09:28:16 AM,1861.85,92,171290.19999999998,427148100.2999999
09:28:16 AM,1861.8,0,0.0,427148100.2999999
09:28:17 AM,1861.8,15,27927.0,427176027.2999999
09:28:17 AM,1861.85,0,0.0,427176027.2999999
09:28:18 AM,1862.0,65,121030.0,427297057.2999999
09:28:18 AM,1861.55,0,0.0,427297057.2999999
09:28:19 AM,1861.55,120,223386.0,427520443.2999999
09:28:19 AM,1862.0,0,0.0,427520443.2999999
09:28:20 AM,1861.55,0,0.0,427520443.2999999
09:28:20 AM,1861.55,138,256893.9,427777337.19999987
09:28:20 AM,1862.0,0,0.0,427777337.19999987
09:28:21 AM,1861.55,0,0.0,427777337.19999987
09:28:21 AM,1861.55,156,290401.8,428067738.9999999
09:28:22 AM,1861.95,0,0.0,428067738.9999999
09:28:23 AM,1861.95,30,55858.5,428123597.4999999
09:28:24 AM,1861.95,2,3723.9,428127321.39999986
09:28:24 AM,1861.55,0,0.0,428127321.39999986
09:28:25 AM,1861.55,7,13030.85,428140352.2499999
09:28:25 AM,1862.0,0,0.0,428140352.2499999
09:28:26 AM,1862.0,12,22344.0,428162696.2499999
09:28:27 AM,1862.0,1,1862.0,428164558.2499999
09:28:27 AM,1861.55,0,0.0,428164558.2499999
09:28:28 AM,1862.0,0,0.0,428164558.2499999
09:28:28 AM,1862.0,227,422674.0,428587232.2499999
09:28:30 AM,1862.0,4,7448.0,428594680.2499999
09:28:30 AM,1861.9,0,0.0,428594680.2499999
09:28:31 AM,1861.55,675,1256546.25,429851226.4999999
09:28:31 AM,1861.25,0,0.0,429851226.4999999
09:28:32 AM,1861.25,2,3722.5,429854948.9999999
09:28:32 AM,1861.4,0,0.0,429854948.9999999
09:28:33 AM,1861.55,0,0.0,429854948.9999999
09:28:33 AM,1861.55,50,93077.5,429948026.4999999
09:28:33 AM,1860.9,0,0.0,429948026.4999999
09:28:34 AM,1861.55,0,0.0,429948026.4999999
09:28:34 AM,1861.55,177,329494.35,430277520.8499999
09:28:34 AM,1861.5,0,0.0,430277520.8499999
09:28:35 AM,1861.5,30,55845.0,430333365.8499999
09:28:35 AM,1861.0,0,0.0,430333365.8499999
09:28:36 AM,1860.95,0,0.0,430333365.8499999
09:28:36 AM,1860.95,210,390799.5,430724165.3499999
09:28:36 AM,1861.5,0,0.0,430724165.3499999
09:28:37 AM,1861.5,3,5584.5,430729749.8499999
09:28:38 AM,1861.6,0,0.0,430729749.8499999
09:28:38 AM,1861.6,79,147066.4,430876816.2499999
09:28:39 AM,1861.5,0,0.0,430876816.2499999
09:28:39 AM,1860.9,26,48383.4,430925199.64999986
09:28:39 AM,1861.45,0,0.0,430925199.64999986
09:28:40 AM,1861.45,2,3722.9,430928922.54999983
09:28:42 AM,1861.45,2,3722.9,430932645.4499998
09:28:43 AM,1861.45,1,1861.45,430934506.8999998
09:28:44 AM,1861.45,6,11168.7,430945675.5999998
09:28:44 AM,1861.55,0,0.0,430945675.5999998
09:28:45 AM,1861.55,117,217801.35,431163476.9499998
09:28:45 AM,1861.5,0,0.0,431163476.9499998
09:28:46 AM,1861.5,228,424422.0,431587898.9499998
09:28:46 AM,1861.45,0,0.0,431587898.9499998
09:28:47 AM,1861.45,26,48397.700000000004,431636296.6499998
09:28:47 AM,1861.0,0,0.0,431636296.6499998
09:28:48 AM,1861.0,9,16749.0,431653045.6499998
09:28:49 AM,1861.0,72,133992.0,431787037.6499998
09:28:50 AM,1861.0,2,3722.0,431790759.6499998
09:28:50 AM,1860.9,0,0.0,431790759.6499998
09:28:51 AM,1860.9,69,128402.1,431919161.7499998
09:28:51 AM,1861.0,0,0.0,431919161.7499998
09:28:52 AM,1861.0,2,3722.0,431922883.7499998
09:28:52 AM,1860.9,0,0.0,431922883.7499998
09:28:53 AM,1860.9,136,253082.40000000002,432175966.1499998
09:28:53 AM,1861.0,0,0.0,432175966.1499998
09:28:54 AM,1861.0,13,24193.0,432200159.1499998
09:28:55 AM,1861.0,1,1861.0,432202020.1499998
09:28:56 AM,1861.0,3,5583.0,432207603.1499998
09:28:57 AM,1861.0,1,1861.0,432209464.1499998
09:28:58 AM,1861.0,5,9305.0,432218769.1499998
09:28:59 AM,1861.0,17,31637.0,432250406.1499998
09:28:59 AM,1861.0,2,3722.0,432254128.1499998
09:29:00 AM,1860.65,0,0.0,432254128.1499998
09:29:00 AM,1860.65,747,1389905.55,433644033.6999998
09:29:01 AM,1860.5,0,0.0,433644033.6999998
09:29:01 AM,1860.85,63,117233.54999999999,433761267.2499998
09:29:02 AM,1860.95,0,0.0,433761267.2499998
09:29:02 AM,1860.95,5,9304.75,433770571.9999998
09:29:02 AM,1861.0,0,0.0,433770571.9999998
09:29:02 AM,1861.0,15,27915.0,433798486.9999998
09:29:03 AM,1861.0,27,50247.0,433848733.9999998
09:29:04 AM,1860.3,0,0.0,433848733.9999998
09:29:04 AM,1860.3,85,158125.5,434006859.4999998
09:29:05 AM,1860.35,0,0.0,434006859.4999998
09:29:05 AM,1861.0,0,0.0,434006859.4999998
09:29:05 AM,1860.35,52,96738.2,434103597.6999998
09:29:06 AM,1861.0,0,0.0,434103597.6999998
09:29:06 AM,1861.0,2,3722.0,434107319.6999998
09:29:08 AM,1860.9,0,0.0,434107319.6999998
09:29:08 AM,1860.9,13,24191.7,434131511.3999998
09:29:09 AM,1860.9,30,55827.0,434187338.3999998
09:29:09 AM,1860.9,11,20469.9,434207808.2999998
09:29:11 AM,1860.65,0,0.0,434207808.2999998
09:29:11 AM,1860.65,15,27909.75,434235718.0499998
09:29:12 AM,1860.5,20,37210.0,434272928.0499998
09:29:13 AM,1860.9,1,1860.9,434274788.94999975
09:29:14 AM,1860.9,1,1860.9,434276649.8499997
09:29:15 AM,1860.55,0,0.0,434276649.8499997
09:29:15 AM,1860.8,27,50241.6,434326891.44999975
09:29:16 AM,1860.9,1,1860.9,434328752.3499997
09:29:17 AM,1860.65,0,0.0,434328752.3499997
09:29:17 AM,1860.65,1,1860.65,434330612.9999997
09:29:17 AM,1860.65,67,124663.55,434455276.5499997
09:29:19 AM,1860.5,0,0.0,434455276.5499997
09:29:19 AM,1860.5,10,18605.0,434473881.5499997
09:29:20 AM,1860.7,0,0.0,434473881.5499997
09:29:20 AM,1860.7,25,46517.5,434520399.0499997
09:29:20 AM,1860.7,13,24189.100000000002,434544588.14999974
09:29:21 AM,1860.7,17,31631.9,434576220.0499997
09:29:21 AM,1860.65,100,186065.0,434762285.0499997
09:29:22 AM,1860.7,23,42796.1,434805081.14999974
09:29:23 AM,1860.65,4,7442.6,434812523.74999976
09:29:24 AM,1860.65,11,20467.15,434832990.89999974
09:29:24 AM,1860.7,5,9303.5,434842294.39999974
09:29:25 AM,1860.7,6,11164.2,434853458.5999997
09:29:25 AM,1861.0,342,636462.0,435489920.5999997
09:29:26 AM,1860.65,0,0.0,435489920.5999997
09:29:26 AM,1860.65,20,37213.0,435527133.5999997
09:29:27 AM,1861.0,0,0.0,435527133.5999997
09:29:27 AM,1861.0,3,5583.0,435532716.5999997
09:29:28 AM,1860.65,0,0.0,435532716.5999997
09:29:28 AM,1860.65,10,18606.5,435551323.0999997
09:29:28 AM,1861.0,0,0.0,435551323.0999997
09:29:29 AM,1861.0,19,35359.0,435586682.0999997
09:29:29 AM,1860.9,0,0.0,435586682.0999997
09:29:30 AM,1860.9,938,1745524.2000000002,437332206.2999997
09:29:31 AM,1860.5,0,0.0,437332206.2999997
09:29:32 AM,1860.5,8,14884.0,437347090.2999997
09:29:32 AM,1860.95,0,0.0,437347090.2999997
09:29:33 AM,1860.95,131,243784.45,437590874.7499997
09:29:34 AM,1860.45,0,0.0,437590874.7499997
09:29:34 AM,1860.95,20,37219.0,437628093.7499997
09:29:35 AM,1860.95,6,11165.7,437639259.4499997
09:29:37 AM,1860.95,2,3721.9,437642981.34999967
09:29:37 AM,1861.0,0,0.0,437642981.34999967
09:29:38 AM,1861.0,18,33498.0,437676479.34999967
09:29:38 AM,1861.25,0,0.0,437676479.34999967
09:29:39 AM,1861.25,5982,11133997.5,448810476.84999967
09:29:40 AM,1861.9,0,0.0,448810476.84999967
09:29:41 AM,1861.9,87,161985.30000000002,448972462.1499997
09:29:41 AM,1861.35,0,0.0,448972462.1499997
09:29:42 AM,1861.9,0,0.0,448972462.1499997
09:29:42 AM,1861.9,25,46547.5,449019009.6499997
09:29:43 AM,1861.9,1,1861.9,449020871.54999965
09:29:44 AM,1861.9,4,7447.6,449028319.1499997
09:29:45 AM,1861.9,4,7447.6,449035766.7499997
09:29:45 AM,1862.0,0,0.0,449035766.7499997
09:29:46 AM,1861.9,0,0.0,449035766.7499997
09:29:46 AM,1862.0,155,288610.0,449324376.7499997
09:29:47 AM,1862.0,13,24206.0,449348582.7499997
09:29:48 AM,1861.95,0,0.0,449348582.7499997
09:29:48 AM,1862.7,607,1130658.9000000001,450479241.6499997
09:29:48 AM,1862.75,5,9313.75,450488555.3999997
09:29:48 AM,1862.05,0,0.0,450488555.3999997
09:29:49 AM,1862.05,4,7448.2,450496003.59999967
09:29:49 AM,1862.75,0,0.0,450496003.59999967
09:29:50 AM,1862.75,8,14902.0,450510905.59999967
09:29:50 AM,1862.8,0,0.0,450510905.59999967
09:29:51 AM,1862.8,3,5588.4,450516493.99999964
09:29:51 AM,1862.3,0,0.0,450516493.99999964
09:29:52 AM,1862.3,38,70767.4,450587261.3999996
09:29:53 AM,1862.8,0,0.0,450587261.3999996
09:29:53 AM,1862.8,2,3725.6,450590986.99999964
09:29:54 AM,1862.8,15,27942.0,450618928.99999964
09:29:55 AM,1862.8,21,39118.799999999996,450658047.79999965
09:29:55 AM,1862.8,4,7451.2,450665498.99999964
09:29:56 AM,1862.8,12,22353.6,450687852.59999967
09:29:57 AM,1862.8,54,100591.2,450788443.79999965
09:29:57 AM,1862.8,1,1862.8,450790306.59999967
09:29:58 AM,1862.8,501,933262.7999999999,451723569.3999997
09:29:59 AM,1862.5,0,0.0,451723569.3999997
09:29:59 AM,1862.5,20,37250.0,451760819.3999997
09:30:00 AM,1862.5,123,229087.5,451989906.8999997
09:30:00 AM,1862.5,419,780387.5,452770294.3999997
09:30:01 AM,1862.5,342,636975.0,453407269.3999997
09:30:01 AM,1862.75,0,0.0,453407269.3999997
09:30:02 AM,1862.45,0,0.0,453407269.3999997
09:30:02 AM,1862.45,168,312891.60000000003,453720160.9999997
09:30:02 AM,1862.35,21,39109.35,453759270.3499997
09:30:03 AM,1862.45,49,91260.05,453850530.39999974
09:30:04 AM,1862.45,46,85672.7,453936203.0999997
09:30:04 AM,1862.35,10,18623.5,453954826.5999997
09:30:05 AM,1862.45,0,0.0,453954826.5999997
09:30:05 AM,1862.45,29,54011.05,454008837.64999974
09:30:05 AM,1862.45,1,1862.45,454010700.0999997
09:30:06 AM,1862.45,9,16762.05,454027462.14999974
09:30:06 AM,1862.35,10,18623.5,454046085.64999974
09:30:07 AM,1862.3,0,0.0,454046085.64999974
09:30:07 AM,1862.3,632,1176973.5999999999,455223059.24999976
09:30:07 AM,1862.45,2,3724.9,455226784.14999974
09:30:08 AM,1862.3,0,0.0,455226784.14999974
09:30:08 AM,1862.3,23,42832.9,455269617.0499997
09:30:08 AM,1862.45,0,0.0,455269617.0499997
09:30:09 AM,1862.0,353,657286.0,455926903.0499997
09:30:09 AM,1862.2,0,0.0,455926903.0499997
09:30:10 AM,1861.8,0,0.0,455926903.0499997
09:30:10 AM,1861.8,184,342571.2,456269474.2499997
09:30:10 AM,1861.5,9,16753.5,456286227.7499997
09:30:10 AM,1861.5,1,1861.5,456288089.2499997
09:30:11 AM,1861.25,0,0.0,456288089.2499997
09:30:12 AM,1861.55,0,0.0,456288089.2499997
09:30:12 AM,1861.55,19,35369.45,456323458.6999997
09:30:12 AM,1861.6,82,152651.19999999998,456476109.8999997
09:30:13 AM,1861.0,0,0.0,456476109.8999997
09:30:13 AM,1861.5,12,22338.0,456498447.8999997
09:30:13 AM,1861.0,3,5583.0,456504030.8999997
09:30:13 AM,1861.5,0,0.0,456504030.8999997
09:30:14 AM,1860.85,0,0.0,456504030.8999997
09:30:14 AM,1860.85,50,93042.5,456597073.3999997
09:30:15 AM,1861.6,14,26062.399999999998,456623135.79999965
09:30:16 AM,1861.1,0,0.0,456623135.79999965
09:30:16 AM,1861.8,85,158253.0,456781388.79999965
09:30:16 AM,1861.1,0,0.0,456781388.79999965
09:30:17 AM,1861.1,10,18611.0,456799999.79999965
09:30:17 AM,1860.85,12,22330.199999999997,456822329.99999964
09:30:19 AM,1861.3,0,0.0,456822329.99999964
09:30:19 AM,1861.25,99,184263.75,457006593.74999964
09:30:19 AM,1861.25,9,16751.25,457023344.99999964
09:30:20 AM,1860.85,2,3721.7,457027066.69999963
09:30:21 AM,1860.65,20,37213.0,457064279.69999963
09:30:21 AM,1860.5,0,0.0,457064279.69999963
09:30:22 AM,1860.95,129,240062.55000000002,457304342.24999964
09:30:23 AM,1860.5,0,0.0,457304342.24999964
09:30:23 AM,1860.5,11,20465.5,457324807.74999964
09:30:24 AM,1860.5,44,81862.0,457406669.74999964
09:30:25 AM,1860.45,0,0.0,457406669.74999964
09:30:25 AM,1860.6,53,98611.79999999999,457505281.54999965
09:30:25 AM,1860.3,42,78132.59999999999,457583414.1499997
09:30:25 AM,1860.6,0,0.0,457583414.1499997
09:30:26 AM,1860.25,34,63248.5,457646662.6499997
09:30:26 AM,1860.85,24,44660.399999999994,457691323.04999965
09:30:26 AM,1860.4,0,0.0,457691323.04999965
09:30:27 AM,1860.4,29,53951.600000000006,457745274.6499997
09:30:27 AM,1860.35,27,50229.45,457795504.09999967
09:30:28 AM,1860.25,0,0.0,457795504.09999967
09:30:28 AM,1860.8,17,31633.6,457827137.6999997
09:30:29 AM,1860.85,0,0.0,457827137.6999997
09:30:29 AM,1860.9,142,264247.8,458091385.4999997
09:30:29 AM,1860.1,66,122766.59999999999,458214152.0999997
09:30:29 AM,1860.2,0,0.0,458214152.0999997
09:30:30 AM,1860.05,0,0.0,458214152.0999997
09:30:30 AM,1860.05,35,65101.75,458279253.8499997
09:30:30 AM,1860.05,9,16740.45,458295994.2999997
09:30:31 AM,1860.05,32,59521.6,458355515.89999974
09:30:32 AM,1860.0,0,0.0,458355515.89999974
09:30:32 AM,1860.6,62,115357.2,458470873.0999997
09:30:32 AM,1860.0,117,217620.0,458688493.0999997
09:30:33 AM,1859.35,0,0.0,458688493.0999997
09:30:33 AM,1859.4,1928,3584923.2,462273416.2999997
09:30:33 AM,1859.85,0,0.0,462273416.2999997
09:30:34 AM,1859.85,22,40916.7,462314332.9999997
09:30:35 AM,1860.0,0,0.0,462314332.9999997
09:30:35 AM,1859.5,30,55785.0,462370117.9999997
09:30:35 AM,1859.55,31,57646.049999999996,462427764.0499997
09:30:36 AM,1860.0,14,26040.0,462453804.0499997
09:30:37 AM,1859.45,0,0.0,462453804.0499997
09:30:37 AM,1859.45,13,24172.850000000002,462477976.89999974
09:30:37 AM,1859.4,27,50203.8,462528180.69999975
09:30:37 AM,1860.0,0,0.0,462528180.69999975
09:30:38 AM,1859.7,0,0.0,462528180.69999975
09:30:38 AM,1860.05,315,585915.75,463114096.44999975
09:30:38 AM,1860.05,16,29760.8,463143857.24999976
09:30:39 AM,1859.5,0,0.0,463143857.24999976
09:30:39 AM,1860.0,305,567300.0,463711157.24999976
09:30:40 AM,1859.55,0,0.0,463711157.24999976
09:30:40 AM,1859.55,27,50207.85,463761365.0999998
09:30:40 AM,1860.0,0,0.0,463761365.0999998
09:30:41 AM,1859.95,192,357110.4,464118475.49999976
09:30:42 AM,1859.3,0,0.0,464118475.49999976
09:30:42 AM,1859.3,27,50201.1,464168676.5999998
09:30:42 AM,1859.4,27,50203.8,464218880.3999998
09:30:43 AM,1860.0,73,135780.0,464354660.3999998
09:30:44 AM,1860.25,24,44646.0,464399306.3999998
09:30:44 AM,1860.0,22,40920.0,464440226.3999998
09:30:44 AM,1859.85,0,0.0,464440226.3999998
09:30:45 AM,1859.8,57,106008.59999999999,464546234.9999998
09:30:45 AM,1859.75,0,0.0,464546234.9999998
09:30:46 AM,1860.45,44,81859.8,464628094.79999983
09:30:46 AM,1859.75,74,137621.5,464765716.29999983
09:30:46 AM,1859.8,0,0.0,464765716.29999983
09:30:47 AM,1859.8,47,87410.59999999999,464853126.89999986
09:30:47 AM,1860.0,41,76260.0,464929386.89999986
09:30:47 AM,1860.2,0,0.0,464929386.89999986
09:30:48 AM,1860.2,1,1860.2,464931247.09999985
09:30:49 AM,1860.8,128,238182.4,465169429.4999998
09:30:49 AM,1860.35,5,9301.75,465178731.2499998
09:30:50 AM,1860.35,72,133945.19999999998,465312676.4499998
09:30:50 AM,1860.85,9,16747.649999999998,465329424.0999998
09:30:51 AM,1860.85,43,80016.55,465409440.6499998
09:30:51 AM,1860.25,56,104174.0,465513614.6499998
09:30:52 AM,1860.25,36,66969.0,465580583.6499998
09:30:52 AM,1860.3,0,0.0,465580583.6499998
09:30:53 AM,1860.3,124,230677.19999999998,465811260.8499998
09:30:54 AM,1860.3,42,78132.59999999999,465889393.4499998
09:30:54 AM,1860.3,10,18603.0,465907996.4499998
09:30:55 AM,1860.3,274,509722.2,466417718.6499998
09:30:55 AM,1860.3,47,87434.09999999999,466505152.7499998
09:30:56 AM,1860.9,0,0.0,466505152.7499998
09:30:56 AM,1860.9,102,189811.80000000002,466694964.54999983
09:30:56 AM,1860.5,33,61396.5,466756361.04999983
09:30:57 AM,1860.35,0,0.0,466756361.04999983
09:30:57 AM,1860.35,27,50229.45,466806590.4999998
09:30:57 AM,1860.55,19,35350.45,466841940.9499998
09:30:58 AM,1860.85,0,0.0,466841940.9499998
09:30:58 AM,1860.85,126,234467.09999999998,467076408.04999983
09:30:58 AM,1860.5,30,55815.0,467132223.04999983
09:30:59 AM,1860.35,0,0.0,467132223.04999983
09:30:59 AM,1860.35,25,46508.75,467178731.79999983
09:30:59 AM,1861.0,275,511775.0,467690506.79999983
09:31:00 AM,1861.4,61,113545.40000000001,467804052.1999998
09:31:01 AM,1861.0,13,24193.0,467828245.1999998
09:31:02 AM,1860.75,0,0.0,467828245.1999998
09:31:02 AM,1860.75,27,50240.25,467878485.4499998
09:31:02 AM,1860.95,28,52106.6,467930592.04999983
09:31:02 AM,1861.25,0,0.0,467930592.04999983
09:31:03 AM,1861.25,1,1861.25,467932453.29999983
09:31:03 AM,1861.25,24,44670.0,467977123.29999983
09:31:03 AM,1861.4,0,0.0,467977123.29999983
09:31:04 AM,1860.95,0,0.0,467977123.29999983
09:31:04 AM,1860.95,33,61411.35,468038534.64999986
09:31:04 AM,1860.95,177,329388.15,468367922.79999983
09:31:05 AM,1860.95,273,508039.35000000003,468875962.14999986
09:31:05 AM,1860.95,73,135849.35,469011811.4999999
09:31:06 AM,1861.25,0,0.0,469011811.4999999
09:31:06 AM,1861.25,62,115397.5,469127208.9999999
09:31:06 AM,1861.25,19,35363.75,469162572.7499999
09:31:08 AM,1860.95,0,0.0,469162572.7499999
09:31:08 AM,1860.95,118,219592.1,469382164.8499999
09:31:08 AM,1860.9,475,883927.5,470266092.3499999
09:31:09 AM,1860.75,0,0.0,470266092.3499999
09:31:09 AM,1860.75,259,481934.25,470748026.5999999
09:31:09 AM,1860.75,22,40936.5,470788963.0999999
09:31:10 AM,1860.85,0,0.0,470788963.0999999
09:31:10 AM,1860.85,4,7443.4,470796406.4999999
09:31:11 AM,1860.85,7,13025.949999999999,470809432.44999987
09:31:12 AM,1860.8,0,0.0,470809432.44999987
09:31:12 AM,1860.85,88,163754.8,470973187.2499999
09:31:12 AM,1861.0,0,0.0,470973187.2499999
09:31:13 AM,1860.5,0,0.0,470973187.2499999
09:31:13 AM,1860.5,104,193492.0,471166679.2499999
09:31:14 AM,1861.0,27,50247.0,471216926.2499999
09:31:16 AM,1861.0,18,33498.0,471250424.2499999
09:31:17 AM,1860.65,0,0.0,471250424.2499999
09:31:17 AM,1860.6,13,24187.8,471274612.0499999
09:31:17 AM,1861.3,0,0.0,471274612.0499999
09:31:18 AM,1860.55,150,279082.5,471553694.5499999
09:31:18 AM,1861.4,0,0.0,471553694.5499999
09:31:19 AM,1860.3,256,476236.8,472029931.3499999
09:31:20 AM,1861.0,0,0.0,472029931.3499999
09:31:20 AM,1861.0,27,50247.0,472080178.3499999
09:31:20 AM,1860.3,0,0.0,472080178.3499999
09:31:21 AM,1861.0,0,0.0,472080178.3499999
09:31:21 AM,1861.0,156,290316.0,472370494.3499999
09:31:22 AM,1860.5,0,0.0,472370494.3499999
09:31:22 AM,1860.5,12,22326.0,472392820.3499999
09:31:22 AM,1861.0,0,0.0,472392820.3499999
09:31:23 AM,1861.0,10,18610.0,472411430.3499999
09:31:23 AM,1861.3,0,0.0,472411430.3499999
09:31:24 AM,1860.55,35,65119.25,472476549.5999999
09:31:25 AM,1860.95,0,0.0,472476549.5999999
09:31:26 AM,1860.55,0,0.0,472476549.5999999
09:31:26 AM,1860.55,38,70700.9,472547250.4999999
09:31:28 AM,1860.85,0,0.0,472547250.4999999
09:31:28 AM,1860.85,293,545229.0499999999,473092479.5499999
09:31:28 AM,1861.0,0,0.0,473092479.5499999
09:31:29 AM,1861.1,688,1280436.8,474372916.3499999
09:31:32 AM,1859.85,0,0.0,474372916.3499999
09:31:32 AM,1859.0,502,933218.0,475306134.3499999
09:31:32 AM,1858.5,0,0.0,475306134.3499999
09:31:33 AM,1857.6,0,0.0,475306134.3499999
09:31:33 AM,1857.05,3279,6089266.95,481395401.2999999
09:31:33 AM,1857.0,73,135561.0,481530962.2999999
09:31:33 AM,1857.05,0,0.0,481530962.2999999
09:31:34 AM,1856.55,0,0.0,481530962.2999999
09:31:34 AM,1857.05,538,999092.9,482530055.19999987
09:31:34 AM,1856.85,0,0.0,482530055.19999987
09:31:35 AM,1857.2,0,0.0,482530055.19999987
09:31:35 AM,1857.2,350,650020.0,483180075.19999987
09:31:36 AM,1857.4,0,0.0,483180075.19999987
09:31:37 AM,1858.2,186,345625.2,483525700.39999986
09:31:37 AM,1858.6,0,0.0,483525700.39999986
09:31:38 AM,1858.9,0,0.0,483525700.39999986
09:31:38 AM,1858.9,261,485172.9,484010873.29999983
09:31:38 AM,1858.8,0,0.0,484010873.29999983
09:31:39 AM,1858.85,0,0.0,484010873.29999983
09:31:39 AM,1858.85,3,5576.549999999999,484016449.84999985
09:31:40 AM,1857.95,0,0.0,484016449.84999985
09:31:40 AM,1857.9,573,1064576.7,485081026.54999983
09:31:40 AM,1858.05,0,0.0,485081026.54999983
09:31:41 AM,1857.9,198,367864.2,485448890.7499998
09:31:41 AM,1857.65,0,0.0,485448890.7499998
09:31:42 AM,1857.3,105,195016.5,485643907.2499998
09:31:43 AM,1857.9,10,18579.0,485662486.2499998
09:31:44 AM,1857.6,0,0.0,485662486.2499998
09:31:44 AM,1857.9,9,16721.100000000002,485679207.34999985
09:31:45 AM,1857.6,0,0.0,485679207.34999985
09:31:45 AM,1857.5,155,287912.5,485967119.84999985
09:31:46 AM,1857.35,0,0.0,485967119.84999985
09:31:46 AM,1857.75,38,70594.5,486037714.34999985
09:31:46 AM,1857.2,0,0.0,486037714.34999985
09:31:47 AM,1857.65,213,395679.45,486433393.79999983
09:31:47 AM,1857.55,0,0.0,486433393.79999983
09:31:48 AM,1856.9,197,365809.30000000005,486799203.09999985
09:31:48 AM,1857.5,0,0.0,486799203.09999985
09:31:49 AM,1857.5,6,11145.0,486810348.09999985
09:31:49 AM,1857.85,0,0.0,486810348.09999985
09:31:50 AM,1857.65,983,1826069.9500000002,488636418.04999983
09:31:50 AM,1857.6,0,0.0,488636418.04999983
09:31:51 AM,1857.65,0,0.0,488636418.04999983
09:31:51 AM,1857.1,199,369562.89999999997,489005980.9499998
09:31:51 AM,1857.65,0,0.0,489005980.9499998
09:31:52 AM,1857.7,449,834107.3,489840088.2499998
09:31:52 AM,1858.95,0,0.0,489840088.2499998
09:31:53 AM,1858.0,0,0.0,489840088.2499998
09:31:53 AM,1858.0,858,1594164.0,491434252.2499998
09:31:54 AM,1858.25,0,0.0,491434252.2499998
09:31:54 AM,1858.25,42,78046.5,491512298.7499998
09:31:55 AM,1858.3,0,0.0,491512298.7499998
09:31:55 AM,1858.25,880,1635260.0,493147558.7499998
09:31:55 AM,1858.3,0,0.0,493147558.7499998
09:31:56 AM,1858.4,0,0.0,493147558.7499998
09:31:56 AM,1858.4,7,13008.800000000001,493160567.54999983
09:31:57 AM,1858.55,0,0.0,493160567.54999983
09:31:57 AM,1858.8,7,13011.6,493173579.14999986
09:31:59 AM,1858.8,454,843895.2,494017474.34999985
09:31:59 AM,1859.05,0,0.0,494017474.34999985
09:32:00 AM,1858.6,0,0.0,494017474.34999985
09:32:00 AM,1858.6,759,1410677.4,495428151.7499998
09:32:01 AM,1858.55,0,0.0,495428151.7499998
09:32:01 AM,1859.35,252,468556.19999999995,495896707.9499998
09:32:02 AM,1859.0,260,483340.0,496380047.9499998
09:32:03 AM,1858.95,0,0.0,496380047.9499998
09:32:03 AM,1858.55,454,843781.7,497223829.6499998
09:32:03 AM,1859.0,0,0.0,497223829.6499998
09:32:04 AM,1858.35,598,1111293.3,498335122.9499998
09:32:05 AM,1858.75,0,0.0,498335122.9499998
09:32:05 AM,1858.45,494,918074.3,499253197.2499998
09:32:06 AM,1857.35,626,1162701.0999999999,500415898.34999985
09:32:07 AM,1857.45,0,0.0,500415898.34999985
09:32:07 AM,1857.5,525,975187.5,501391085.84999985
09:32:07 AM,1858.1,0,0.0,501391085.84999985
09:32:08 AM,1858.65,259,481390.35000000003,501872476.19999987
09:32:09 AM,1858.0,0,0.0,501872476.19999987
09:32:09 AM,1858.0,2,3716.0,501876192.19999987
09:32:10 AM,1858.7,0,0.0,501876192.19999987
09:32:10 AM,1858.7,5,9293.5,501885485.69999987
09:32:11 AM,1858.7,65,120815.5,502006301.19999987
09:32:12 AM,1858.7,82,152413.4,502158714.59999985
09:32:13 AM,1858.7,1,1858.7,502160573.29999983
09:32:14 AM,1858.7,2,3717.4,502164290.6999998
09:32:14 AM,1858.3,0,0.0,502164290.6999998
09:32:15 AM,1858.3,43,79906.9,502244197.5999998
09:32:17 AM,1857.7,0,0.0,502244197.5999998
09:32:17 AM,1857.7,100,185770.0,502429967.5999998
09:32:18 AM,1858.0,0,0.0,502429967.5999998
09:32:18 AM,1858.0,14,26012.0,502455979.5999998
09:32:19 AM,1857.25,0,0.0,502455979.5999998
09:32:19 AM,1857.25,130,241442.5,502697422.0999998
09:32:20 AM,1858.0,0,0.0,502697422.0999998
09:32:20 AM,1858.0,6,11148.0,502708570.0999998
09:32:20 AM,1858.1,0,0.0,502708570.0999998
