date,price,qty,trnvr,cum_trnvr
09:15:01 AM,475.75,98537,46878977.75,46878977.75
09:15:02 AM,475.65,0,0.0,46878977.75
09:15:05 AM,474.7,0,0.0,46878977.75
09:15:07 AM,475.5,60297,28671223.5,75550201.25
09:15:07 AM,475.8,0,0.0,75550201.25
09:15:09 AM,475.95,0,0.0,75550201.25
09:15:09 AM,476.15,0,0.0,75550201.25
09:15:10 AM,476.9,0,0.0,75550201.25
09:15:11 AM,477.3,35108,16757048.4,92307249.65
09:15:12 AM,477.5,0,0.0,92307249.65
09:15:12 AM,477.85,0,0.0,92307249.65
09:15:14 AM,477.8,0,0.0,92307249.65
09:15:14 AM,478.0,0,0.0,92307249.65
09:15:15 AM,478.6,0,0.0,92307249.65
09:15:16 AM,478.3,22655,10835886.5,103143136.15
09:15:16 AM,478.9,0,0.0,103143136.15
09:15:17 AM,479.0,0,0.0,103143136.15
09:15:19 AM,478.6,0,0.0,103143136.15
09:15:19 AM,478.75,15224,7288490.0,110431626.15
09:15:20 AM,478.5,0,0.0,110431626.15
09:15:21 AM,479.5,0,0.0,110431626.15
09:15:22 AM,479.6,0,0.0,110431626.15
09:15:22 AM,479.65,0,0.0,110431626.15
09:15:23 AM,479.7,0,0.0,110431626.15
09:15:23 AM,479.8,24654,11828989.200000001,122260615.35000001
09:15:25 AM,480.2,0,0.0,122260615.35000001
09:15:26 AM,480.35,0,0.0,122260615.35000001
09:15:26 AM,480.85,41592,19999513.2,142260128.55
09:15:26 AM,480.65,0,0.0,142260128.55
09:15:27 AM,480.15,0,0.0,142260128.55
09:15:28 AM,480.5,0,0.0,142260128.55
09:15:28 AM,480.55,0,0.0,142260128.55
09:15:29 AM,480.2,0,0.0,142260128.55
09:15:29 AM,480.2,22177,10649395.4,152909523.95000002
09:15:30 AM,480.15,0,0.0,152909523.95000002
09:15:31 AM,481.15,0,0.0,152909523.95000002
09:15:32 AM,480.75,0,0.0,152909523.95000002
09:15:32 AM,481.2,44157,21248348.4,174157872.35000002
09:15:32 AM,480.75,0,0.0,174157872.35000002
09:15:33 AM,480.8,0,0.0,174157872.35000002
09:15:34 AM,480.45,0,0.0,174157872.35000002
09:15:34 AM,480.5,0,0.0,174157872.35000002
09:15:35 AM,479.85,0,0.0,174157872.35000002
09:15:35 AM,479.85,13777,6610893.45,180768765.8
09:15:36 AM,479.45,0,0.0,180768765.8
09:15:37 AM,479.95,0,0.0,180768765.8
09:15:37 AM,479.85,0,0.0,180768765.8
09:15:39 AM,480.5,75571,36311865.5,217080631.3
09:15:39 AM,480.2,0,0.0,217080631.3
09:15:40 AM,480.25,0,0.0,217080631.3
09:15:40 AM,479.85,0,0.0,217080631.3
09:15:41 AM,480.3,13943,6696822.9,223777454.20000002
09:15:41 AM,480.55,0,0.0,223777454.20000002
09:15:43 AM,480.15,0,0.0,223777454.20000002
09:15:44 AM,479.8,0,0.0,223777454.20000002
09:15:44 AM,479.6,0,0.0,223777454.20000002
09:15:45 AM,479.85,14951,7174237.350000001,230951691.55
09:15:45 AM,479.9,0,0.0,230951691.55
09:15:47 AM,479.95,0,0.0,230951691.55
09:15:48 AM,479.85,7296,3500985.6,234452677.15
09:15:48 AM,479.8,0,0.0,234452677.15
09:15:49 AM,479.5,0,0.0,234452677.15
09:15:49 AM,479.85,0,0.0,234452677.15
09:15:51 AM,480.0,0,0.0,234452677.15
09:15:51 AM,480.35,0,0.0,234452677.15
09:15:51 AM,480.35,29006,13933032.100000001,248385709.25
09:15:52 AM,480.1,0,0.0,248385709.25
09:15:52 AM,480.3,0,0.0,248385709.25
09:15:53 AM,480.2,0,0.0,248385709.25
09:15:53 AM,480.45,3776,1814179.2,250199888.45
09:15:54 AM,480.0,0,0.0,250199888.45
09:15:57 AM,479.8,0,0.0,250199888.45
09:15:57 AM,480.0,24649,11831520.0,262031408.45
09:15:58 AM,479.75,0,0.0,262031408.45
09:15:58 AM,479.5,0,0.0,262031408.45
09:15:59 AM,479.9,0,0.0,262031408.45
09:15:59 AM,479.9,7291,3498950.9,265530359.35
09:15:59 AM,479.55,0,0.0,265530359.35
09:16:01 AM,479.1,0,0.0,265530359.35
09:16:01 AM,479.05,0,0.0,265530359.35
09:16:02 AM,479.45,0,0.0,265530359.35
09:16:02 AM,479.1,12174,5832563.4,271362922.75
09:16:02 AM,479.45,0,0.0,271362922.75
09:16:04 AM,479.4,0,0.0,271362922.75
09:16:04 AM,479.45,0,0.0,271362922.75
09:16:05 AM,479.2,7123,3413341.6,274776264.35
09:16:06 AM,479.45,0,0.0,274776264.35
09:16:08 AM,479.0,0,0.0,274776264.35
09:16:08 AM,478.95,0,0.0,274776264.35
09:16:08 AM,478.9,9694,4642456.6,279418720.95000005
09:16:10 AM,479.1,0,0.0,279418720.95000005
09:16:10 AM,479.1,2730,1307943.0,280726663.95000005
09:16:11 AM,479.0,0,0.0,280726663.95000005
09:16:11 AM,479.4,0,0.0,280726663.95000005
09:16:11 AM,479.4,8293,3975664.1999999997,284702328.15000004
09:16:11 AM,479.15,0,0.0,284702328.15000004
09:16:11 AM,479.15,90,43123.5,284745451.65000004
09:16:12 AM,479.4,0,0.0,284745451.65000004
09:16:12 AM,479.4,803,384958.19999999995,285130409.85
09:16:12 AM,479.4,1640,786216.0,285916625.85
09:16:13 AM,479.05,0,0.0,285916625.85
09:16:13 AM,479.1,3784,1812914.4000000001,287729540.25
09:16:13 AM,479.05,0,0.0,287729540.25
09:16:13 AM,479.25,479,229560.75,287959101.0
09:16:14 AM,479.05,0,0.0,287959101.0
09:16:14 AM,479.05,5786,2771783.3000000003,290730884.3
09:16:14 AM,479.35,0,0.0,290730884.3
09:16:14 AM,479.35,20,9587.0,290740471.3
09:16:15 AM,479.4,0,0.0,290740471.3
09:16:15 AM,479.15,265,126974.75,290867446.05
09:16:15 AM,479.4,0,0.0,290867446.05
09:16:15 AM,479.5,4029,1931905.5,292799351.55
09:16:16 AM,479.65,0,0.0,292799351.55
09:16:16 AM,479.8,3096,1485460.8,294284812.35
09:16:16 AM,479.5,0,0.0,294284812.35
09:16:16 AM,479.5,500,239750.0,294524562.35
09:16:17 AM,479.7,0,0.0,294524562.35
09:16:17 AM,480.1,15080,7239908.0,301764470.35
09:16:17 AM,480.0,0,0.0,301764470.35
09:16:17 AM,479.95,1090,523145.5,302287615.85
09:16:18 AM,479.7,0,0.0,302287615.85
09:16:18 AM,479.7,1017,487854.89999999997,302775470.75
09:16:18 AM,480.0,0,0.0,302775470.75
09:16:18 AM,480.0,207,99360.0,302874830.75
09:16:19 AM,480.05,2560,1228928.0,304103758.75
09:16:19 AM,480.0,0,0.0,304103758.75
09:16:19 AM,480.0,365,175200.0,304278958.75
09:16:20 AM,480.3,0,0.0,304278958.75
09:16:20 AM,480.3,1270,609981.0,304888939.75
09:16:20 AM,480.1,0,0.0,304888939.75
09:16:20 AM,480.1,952,457055.2,305345994.95
09:16:21 AM,479.8,0,0.0,305345994.95
09:16:21 AM,480.15,211,101311.65,305447306.59999996
09:16:21 AM,479.8,239,114672.2,305561978.79999995
09:16:22 AM,479.95,0,0.0,305561978.79999995
09:16:22 AM,480.25,2362,1134350.5,306696329.29999995
09:16:22 AM,480.35,616,295895.60000000003,306992224.9
09:16:23 AM,480.25,0,0.0,306992224.9
09:16:23 AM,480.25,190,91247.5,307083472.4
09:16:24 AM,480.5,0,0.0,307083472.4
09:16:24 AM,480.25,3972,1907553.0,308991025.4
09:16:24 AM,480.5,0,0.0,308991025.4
09:16:24 AM,480.55,1507,724188.85,309715214.25
09:16:25 AM,480.7,0,0.0,309715214.25
09:16:25 AM,480.7,1145,550401.5,310265615.75
09:16:25 AM,480.45,0,0.0,310265615.75
09:16:25 AM,480.25,735,352983.75,310618599.5
09:16:26 AM,480.55,0,0.0,310618599.5
09:16:26 AM,480.7,2399,1153199.3,311771798.8
09:16:26 AM,480.7,22,10575.4,311782374.2
09:16:27 AM,480.4,0,0.0,311782374.2
09:16:27 AM,480.4,1859,893063.6,312675437.8
09:16:27 AM,480.7,0,0.0,312675437.8
09:16:27 AM,480.35,571,274279.85000000003,312949717.65000004
09:16:28 AM,480.35,818,392926.30000000005,313342643.95000005
09:16:28 AM,480.1,0,0.0,313342643.95000005
09:16:28 AM,480.35,104,49956.4,313392600.35
09:16:29 AM,480.15,0,0.0,313392600.35
09:16:29 AM,480.15,1012,485911.8,313878512.15000004
09:16:29 AM,480.05,0,0.0,313878512.15000004
09:16:29 AM,480.5,2550,1225275.0,315103787.15000004
09:16:30 AM,479.95,0,0.0,315103787.15000004
09:16:30 AM,479.95,1354,649852.2999999999,315753639.45000005
09:16:30 AM,480.25,0,0.0,315753639.45000005
09:16:30 AM,480.05,107,51365.35,315805004.8000001
09:16:31 AM,480.1,0,0.0,315805004.8000001
09:16:31 AM,480.1,662,317826.2,316122831.00000006
09:16:31 AM,480.2,108,51861.6,316174692.6000001
09:16:32 AM,479.9,0,0.0,316174692.6000001
09:16:32 AM,479.9,2307,1107129.3,317281821.9000001
09:16:32 AM,480.0,1450,696000.0,317977821.9000001
09:16:33 AM,480.0,1858,891840.0,318869661.9000001
09:16:33 AM,480.0,752,360960.0,319230621.9000001
09:16:34 AM,479.85,0,0.0,319230621.9000001
09:16:34 AM,480.0,1394,669120.0,319899741.9000001
09:16:34 AM,480.0,1250,600000.0,320499741.9000001
09:16:35 AM,480.25,0,0.0,320499741.9000001
09:16:35 AM,480.25,13074,6278788.5,326778530.4000001
09:16:35 AM,480.4,565,271426.0,327049956.4000001
09:16:36 AM,480.8,0,0.0,327049956.4000001
09:16:36 AM,480.5,8160,3920880.0,330970836.4000001
09:16:36 AM,480.7,0,0.0,330970836.4000001
09:16:36 AM,480.5,723,347401.5,331318237.9000001
09:16:37 AM,480.65,0,0.0,331318237.9000001
09:16:37 AM,480.6,1960,941976.0,332260213.9000001
09:16:37 AM,480.9,0,0.0,332260213.9000001
09:16:37 AM,480.65,544,261473.59999999998,332521687.5000001
09:16:38 AM,480.6,363,174457.80000000002,332696145.30000013
09:16:38 AM,480.55,0,0.0,332696145.30000013
09:16:38 AM,480.55,1079,518513.45,333214658.7500001
09:16:39 AM,480.75,0,0.0,333214658.7500001
09:16:39 AM,480.95,1897,912362.15,334127020.9000001
09:16:39 AM,480.9,0,0.0,334127020.9000001
09:16:39 AM,480.9,13465,6475318.5,340602339.4000001
09:16:40 AM,481.25,0,0.0,340602339.4000001
09:16:40 AM,481.35,5772,2778352.2,343380691.6000001
09:16:40 AM,481.25,2261,1088106.25,344468797.8500001
09:16:41 AM,481.3,0,0.0,344468797.8500001
09:16:41 AM,481.3,909,437501.7,344906299.5500001
09:16:41 AM,481.3,27,12995.1,344919294.6500001
09:16:42 AM,481.7,0,0.0,344919294.6500001
09:16:42 AM,481.35,1148,552589.8,345471884.4500001
09:16:42 AM,481.3,0,0.0,345471884.4500001
09:16:42 AM,481.35,1100,529485.0,346001369.4500001
09:16:43 AM,481.25,0,0.0,346001369.4500001
09:16:43 AM,481.55,2411,1161017.05,347162386.5000001
09:16:43 AM,481.3,3,1443.9,347163830.4000001
09:16:44 AM,481.5,0,0.0,347163830.4000001
09:16:44 AM,481.75,11135,5364286.25,352528116.6500001
09:16:44 AM,481.45,0,0.0,352528116.6500001
09:16:44 AM,481.5,1033,497389.5,353025506.1500001
09:16:45 AM,481.3,0,0.0,353025506.1500001
09:16:45 AM,481.25,1252,602525.0,353628031.1500001
09:16:45 AM,481.7,0,0.0,353628031.1500001
09:16:45 AM,481.7,120,57804.0,353685835.1500001
09:16:46 AM,481.6,0,0.0,353685835.1500001
09:16:46 AM,481.6,1803,868324.8,354554159.9500001
09:16:46 AM,481.85,0,0.0,354554159.9500001
09:16:46 AM,481.85,133,64086.05,354618246.0000001
09:16:47 AM,481.8,0,0.0,354618246.0000001
09:16:47 AM,481.8,1380,664884.0,355283130.0000001
09:16:47 AM,481.85,0,0.0,355283130.0000001
09:16:47 AM,481.7,1784,859352.7999999999,356142482.80000013
09:16:48 AM,481.85,0,0.0,356142482.80000013
09:16:48 AM,481.85,854,411499.9,356553982.7000001
09:16:48 AM,481.55,0,0.0,356553982.7000001
09:16:48 AM,481.8,1525,734745.0,357288727.7000001
09:16:49 AM,481.25,0,0.0,357288727.7000001
09:16:49 AM,481.25,3350,1612187.5,358900915.2000001
09:16:49 AM,481.05,0,0.0,358900915.2000001
09:16:49 AM,481.0,527,253487.0,359154402.2000001
09:16:50 AM,481.15,0,0.0,359154402.2000001
09:16:50 AM,481.15,13322,6409880.3,365564282.5000001
09:16:50 AM,480.8,0,0.0,365564282.5000001
09:16:50 AM,481.0,1124,540644.0,366104926.5000001
09:16:51 AM,481.05,0,0.0,366104926.5000001
09:16:51 AM,481.05,2413,1160773.6500000001,367265700.1500001
09:16:51 AM,481.05,710,341545.5,367607245.6500001
09:16:52 AM,481.0,1056,507936.0,368115181.6500001
09:16:52 AM,481.15,0,0.0,368115181.6500001
09:16:52 AM,481.0,1835,882635.0,368997816.6500001
09:16:53 AM,481.05,0,0.0,368997816.6500001
09:16:53 AM,481.05,2394,1151633.7,370149450.3500001
09:16:53 AM,481.1,0,0.0,370149450.3500001
09:16:53 AM,481.1,639,307422.9,370456873.25000006
09:16:54 AM,481.55,0,0.0,370456873.25000006
09:16:54 AM,481.85,12966,6247667.100000001,376704540.3500001
09:16:54 AM,481.45,0,0.0,376704540.3500001
09:16:54 AM,481.45,3531,1699999.95,378404540.3000001
09:16:55 AM,481.05,0,0.0,378404540.3000001
09:16:55 AM,481.35,4546,2188217.1,380592757.4000001
09:16:55 AM,481.15,0,0.0,380592757.4000001
09:16:55 AM,481.35,380,182913.0,380775670.4000001
09:16:56 AM,481.7,0,0.0,380775670.4000001
09:16:56 AM,481.35,3141,1511920.35,382287590.7500001
09:16:56 AM,481.6,0,0.0,382287590.7500001
09:16:56 AM,481.6,190,91504.0,382379094.7500001
09:16:57 AM,481.8,0,0.0,382379094.7500001
09:16:57 AM,481.45,1426,686547.7,383065642.4500001
09:16:57 AM,481.8,0,0.0,383065642.4500001
09:16:57 AM,481.8,1,481.8,383066124.2500001
09:16:58 AM,481.8,755,363759.0,383429883.2500001
09:16:58 AM,481.8,1148,553106.4,383982989.6500001
09:16:59 AM,481.5,0,0.0,383982989.6500001
09:16:59 AM,481.5,2196,1057374.0,385040363.6500001
09:16:59 AM,481.8,0,0.0,385040363.6500001
09:16:59 AM,481.8,372,179229.6,385219593.2500001
09:17:00 AM,481.7,0,0.0,385219593.2500001
09:17:00 AM,481.5,2771,1334236.5,386553829.7500001
09:17:00 AM,481.05,3026,1455657.3,388009487.05000013
09:17:01 AM,481.15,0,0.0,388009487.05000013
09:17:01 AM,481.45,1724,830019.7999999999,388839506.85000014
09:17:01 AM,481.5,0,0.0,388839506.85000014
09:17:01 AM,481.55,2026,975620.3,389815127.15000015
09:17:02 AM,481.3,0,0.0,389815127.15000015
09:17:02 AM,481.55,3621,1743692.55,391558819.70000017
09:17:02 AM,481.15,805,387325.75,391946145.45000017
09:17:03 AM,481.25,0,0.0,391946145.45000017
09:17:03 AM,481.25,3387,1629993.75,393576139.20000017
09:17:03 AM,481.3,0,0.0,393576139.20000017
09:17:03 AM,481.3,1245,599218.5,394175357.70000017
09:17:04 AM,481.25,0,0.0,394175357.70000017
09:17:04 AM,481.3,884,425469.2,394600826.90000015
09:17:04 AM,481.3,151,72676.3,394673503.20000017
09:17:05 AM,481.15,0,0.0,394673503.20000017
09:17:05 AM,481.3,898,432207.4,395105710.60000014
09:17:05 AM,481.5,528,254232.0,395359942.60000014
09:17:06 AM,481.4,0,0.0,395359942.60000014
09:17:06 AM,481.1,3283,1579451.3,396939393.90000015
09:17:06 AM,481.15,0,0.0,396939393.90000015
09:17:06 AM,481.15,285,137127.75,397076521.65000015
09:17:07 AM,481.25,0,0.0,397076521.65000015
09:17:07 AM,481.25,6310,3036687.5,400113209.15000015
09:17:07 AM,481.15,0,0.0,400113209.15000015
09:17:07 AM,481.3,309,148721.7,400261930.85000014
09:17:08 AM,481.25,0,0.0,400261930.85000014
09:17:08 AM,481.0,963,463203.0,400725133.85000014
09:17:08 AM,481.25,0,0.0,400725133.85000014
09:17:08 AM,481.3,7,3369.1,400728502.95000017
09:17:09 AM,481.15,0,0.0,400728502.95000017
09:17:09 AM,481.15,1615,777057.25,401505560.20000017
09:17:09 AM,481.3,1509,726281.7000000001,402231841.90000015
09:17:10 AM,481.35,0,0.0,402231841.90000015
09:17:10 AM,481.35,472,227197.2,402459039.10000014
09:17:10 AM,481.3,19,9144.7,402468183.80000013
09:17:11 AM,481.25,0,0.0,402468183.80000013
09:17:11 AM,481.0,810,389610.0,402857793.80000013
09:17:11 AM,481.25,136,65450.0,402923243.80000013
09:17:12 AM,481.3,0,0.0,402923243.80000013
09:17:12 AM,481.0,3074,1478594.0,404401837.80000013
09:17:12 AM,481.3,31,14920.300000000001,404416758.10000014
09:17:13 AM,481.4,0,0.0,404416758.10000014
09:17:13 AM,481.3,2279,1096882.7,405513640.80000013
09:17:14 AM,481.3,1326,638203.8,406151844.60000014
09:17:14 AM,481.3,420,202146.0,406353990.60000014
09:17:15 AM,481.2,975,469170.0,406823160.60000014
09:17:15 AM,481.35,105,50541.75,406873702.35000014
09:17:16 AM,481.1,0,0.0,406873702.35000014
09:17:16 AM,481.1,2392,1150791.2,408024493.55000013
09:17:16 AM,481.1,235,113058.5,408137552.05000013
09:17:17 AM,481.05,0,0.0,408137552.05000013
09:17:17 AM,481.05,3544,1704841.2,409842393.2500001
09:17:17 AM,480.95,3985,1916585.75,411758979.0000001
09:17:18 AM,481.0,0,0.0,411758979.0000001
09:17:18 AM,481.0,884,425204.0,412184183.0000001
09:17:19 AM,480.65,0,0.0,412184183.0000001
09:17:19 AM,480.65,2124,1020900.6,413205083.60000014
09:17:19 AM,480.95,516,248170.19999999998,413453253.80000013
09:17:20 AM,481.0,0,0.0,413453253.80000013
09:17:20 AM,480.75,525,252393.75,413705647.55000013
09:17:20 AM,481.0,331,159211.0,413864858.55000013
09:17:21 AM,481.0,691,332371.0,414197229.55000013
09:17:21 AM,481.0,11,5291.0,414202520.55000013
09:17:22 AM,481.1,0,0.0,414202520.55000013
09:17:22 AM,481.15,720,346428.0,414548948.55000013
09:17:22 AM,480.8,300,144240.0,414693188.55000013
09:17:23 AM,480.6,0,0.0,414693188.55000013
09:17:23 AM,480.55,1350,648742.5,415341931.05000013
09:17:23 AM,480.9,0,0.0,415341931.05000013
09:17:23 AM,480.9,73,35105.7,415377036.7500001
09:17:24 AM,480.55,0,0.0,415377036.7500001
09:17:24 AM,480.5,3047,1464083.5,416841120.2500001
09:17:24 AM,480.5,107,51413.5,416892533.7500001
09:17:25 AM,480.6,0,0.0,416892533.7500001
09:17:25 AM,480.6,1177,565666.2000000001,417458199.9500001
09:17:25 AM,480.45,90,43240.5,417501440.4500001
09:17:26 AM,480.8,0,0.0,417501440.4500001
09:17:26 AM,480.75,375,180281.25,417681721.7000001
09:17:26 AM,480.65,0,0.0,417681721.7000001
09:17:26 AM,480.65,72,34606.799999999996,417716328.5000001
09:17:27 AM,480.45,0,0.0,417716328.5000001
09:17:27 AM,480.7,2378,1143104.5999999999,418859433.10000014
09:17:28 AM,480.5,0,0.0,418859433.10000014
09:17:28 AM,480.75,244,117303.0,418976736.10000014
09:17:29 AM,480.55,0,0.0,418976736.10000014
09:17:29 AM,480.8,561,269728.8,419246464.90000015
09:17:30 AM,480.65,0,0.0,419246464.90000015
09:17:30 AM,480.65,877,421530.05,419667994.95000017
09:17:30 AM,480.6,0,0.0,419667994.95000017
09:17:30 AM,480.0,6729,3229920.0,422897914.95000017
09:17:31 AM,480.5,0,0.0,422897914.95000017
09:17:31 AM,480.5,14186,6816373.0,429714287.95000017
09:17:32 AM,480.4,0,0.0,429714287.95000017
09:17:32 AM,480.4,653,313701.2,430027989.15000015
09:17:32 AM,480.45,0,0.0,430027989.15000015
09:17:32 AM,480.45,373,179207.85,430207197.0000002
09:17:33 AM,480.6,0,0.0,430207197.0000002
09:17:33 AM,480.55,1679,806843.4500000001,431014040.45000017
09:17:34 AM,480.45,0,0.0,431014040.45000017
09:17:34 AM,480.2,2793,1341198.5999999999,432355239.0500002
09:17:34 AM,480.15,0,0.0,432355239.0500002
09:17:34 AM,480.15,51,24487.649999999998,432379726.70000017
09:17:35 AM,480.2,0,0.0,432379726.70000017
09:17:35 AM,480.3,7389,3548936.7,435928663.40000015
09:17:35 AM,480.0,0,0.0,435928663.40000015
09:17:35 AM,480.0,2,960.0,435929623.40000015
09:17:36 AM,480.3,0,0.0,435929623.40000015
09:17:36 AM,480.15,1034,496475.1,436426098.5000002
09:17:36 AM,480.45,0,0.0,436426098.5000002
09:17:36 AM,480.45,318,152783.1,436578881.6000002
09:17:37 AM,480.1,0,0.0,436578881.6000002
09:17:37 AM,480.1,10764,5167796.4,441746678.0000002
09:17:37 AM,480.5,0,0.0,441746678.0000002
09:17:37 AM,480.5,1046,502603.0,442249281.0000002
09:17:38 AM,480.7,0,0.0,442249281.0000002
09:17:38 AM,480.5,5870,2820535.0,445069816.0000002
09:17:39 AM,480.65,0,0.0,445069816.0000002
09:17:39 AM,480.65,2973,1428972.45,446498788.45000017
09:17:39 AM,480.8,0,0.0,446498788.45000017
09:17:39 AM,481.0,699,336219.0,446835007.45000017
09:17:40 AM,480.95,0,0.0,446835007.45000017
09:17:40 AM,480.95,2461,1183617.95,448018625.40000015
09:17:40 AM,481.3,0,0.0,448018625.40000015
09:17:40 AM,481.3,8133,3914412.9,451933038.30000013
09:17:41 AM,481.05,0,0.0,451933038.30000013
09:17:41 AM,480.85,2643,1270886.55,453203924.85000014
09:17:41 AM,480.75,0,0.0,453203924.85000014
09:17:41 AM,480.95,489,235184.55,453439109.40000015
09:17:42 AM,480.85,0,0.0,453439109.40000015
09:17:42 AM,480.95,941,452573.95,453891683.35000014
09:17:43 AM,481.05,0,0.0,453891683.35000014
09:17:43 AM,480.85,161,77416.85,453969100.20000017
09:17:43 AM,480.85,408,196186.80000000002,454165287.0000002
09:17:44 AM,481.0,0,0.0,454165287.0000002
09:17:44 AM,481.15,1180,567757.0,454733044.0000002
09:17:44 AM,481.0,100,48100.0,454781144.0000002
09:17:45 AM,481.4,0,0.0,454781144.0000002
09:17:45 AM,481.35,2934,1412280.9000000001,456193424.90000015
09:17:45 AM,481.35,50,24067.5,456217492.40000015
09:17:46 AM,481.6,0,0.0,456217492.40000015
09:17:46 AM,481.6,297,143035.2,456360527.60000014
09:17:46 AM,481.65,0,0.0,456360527.60000014
09:17:46 AM,481.4,1262,607526.7999999999,456968054.40000015
09:17:47 AM,481.3,0,0.0,456968054.40000015
09:17:47 AM,481.6,449,216238.40000000002,457184292.80000013
09:17:48 AM,481.7,0,0.0,457184292.80000013
09:17:48 AM,481.7,2286,1101166.2,458285459.0000001
09:17:48 AM,481.5,31,14926.5,458300385.5000001
09:17:49 AM,481.75,0,0.0,458300385.5000001
09:17:49 AM,481.7,451,217246.69999999998,458517632.2000001
09:17:49 AM,481.7,17,8188.9,458525821.1000001
09:17:50 AM,481.65,0,0.0,458525821.1000001
09:17:50 AM,481.65,692,333301.8,458859122.9000001
09:17:51 AM,481.4,0,0.0,458859122.9000001
09:17:51 AM,481.7,1438,692684.6,459551807.5000001
09:17:51 AM,481.65,10,4816.5,459556624.0000001
09:17:52 AM,481.8,0,0.0,459556624.0000001
09:17:52 AM,481.75,5216,2512808.0,462069432.0000001
09:17:52 AM,481.65,0,0.0,462069432.0000001
09:17:52 AM,481.65,500,240825.0,462310257.0000001
09:17:53 AM,481.85,0,0.0,462310257.0000001
09:17:53 AM,481.85,1710,823963.5,463134220.5000001
09:17:53 AM,481.75,30,14452.5,463148673.0000001
09:17:54 AM,481.6,0,0.0,463148673.0000001
09:17:54 AM,481.85,1241,597975.85,463746648.85000014
09:17:54 AM,481.85,101,48666.850000000006,463795315.70000017
09:17:55 AM,482.1,0,0.0,463795315.70000017
09:17:55 AM,482.1,33694,16243877.4,480039193.10000014
09:17:55 AM,481.85,0,0.0,480039193.10000014
09:17:55 AM,481.85,680,327658.0,480366851.10000014
09:17:56 AM,481.9,0,0.0,480366851.10000014
09:17:56 AM,481.9,2448,1179691.2,481546542.30000013
09:17:56 AM,481.9,1,481.9,481547024.2000001
09:17:57 AM,481.75,0,0.0,481547024.2000001
09:17:57 AM,481.9,2802,1350283.8,482897308.0000001
09:17:57 AM,481.9,275,132522.5,483029830.5000001
09:17:58 AM,482.05,0,0.0,483029830.5000001
09:17:58 AM,481.75,1560,751530.0,483781360.5000001
09:17:59 AM,481.9,0,0.0,483781360.5000001
09:17:59 AM,482.0,1523,734086.0,484515446.5000001
09:17:59 AM,482.1,1760,848496.0,485363942.5000001
09:18:00 AM,481.5,0,0.0,485363942.5000001
09:18:00 AM,481.7,4664,2246648.8,487610591.30000013
09:18:00 AM,481.75,0,0.0,487610591.30000013
09:18:00 AM,481.75,411,197999.25,487808590.55000013
09:18:01 AM,481.8,1276,614776.8,488423367.35000014
09:18:01 AM,481.8,5,2409.0,488425776.35000014
09:18:02 AM,481.75,0,0.0,488425776.35000014
09:18:02 AM,481.75,517,249064.75,488674841.10000014
09:18:02 AM,481.75,10,4817.5,488679658.60000014
09:18:03 AM,481.9,1551,747426.8999999999,489427085.5000001
09:18:04 AM,481.8,0,0.0,489427085.5000001
09:18:04 AM,481.9,330,159027.0,489586112.5000001
09:18:04 AM,481.95,150,72292.5,489658405.0000001
09:18:05 AM,481.7,0,0.0,489658405.0000001
09:18:05 AM,481.8,2328,1121630.4000000001,490780035.4000001
09:18:05 AM,482.0,0,0.0,490780035.4000001
09:18:05 AM,482.0,1500,723000.0,491503035.4000001
09:18:06 AM,481.85,2618,1261483.3,492764518.7000001
09:18:06 AM,482.0,100,48200.0,492812718.7000001
09:18:07 AM,481.9,0,0.0,492812718.7000001
09:18:07 AM,482.05,1856,894684.8,493707403.5000001
09:18:07 AM,482.05,4,1928.2,493709331.7000001
09:18:08 AM,482.0,1341,646362.0,494355693.7000001
09:18:08 AM,482.1,0,0.0,494355693.7000001
09:18:08 AM,482.1,98,47245.8,494402939.5000001
09:18:09 AM,481.8,0,0.0,494402939.5000001
09:18:09 AM,482.1,1498,722185.8,495125125.30000013
09:18:09 AM,481.85,52,25056.2,495150181.5000001
09:18:10 AM,481.8,0,0.0,495150181.5000001
09:18:10 AM,482.0,741,357162.0,495507343.5000001
09:18:10 AM,482.05,0,0.0,495507343.5000001
09:18:11 AM,481.85,513,247189.05000000002,495754532.55000013
09:18:11 AM,482.05,0,0.0,495754532.55000013
09:18:11 AM,481.8,0,0.0,495754532.55000013
09:18:12 AM,482.0,1715,826630.0,496581162.55000013
09:18:12 AM,482.0,135,65070.0,496646232.55000013
09:18:12 AM,482.05,0,0.0,496646232.55000013
09:18:13 AM,482.05,240,115692.0,496761924.55000013
09:18:13 AM,482.1,10,4821.0,496766745.55000013
09:18:13 AM,482.35,0,0.0,496766745.55000013
09:18:14 AM,482.1,3216,1550433.6,498317179.15000015
09:18:14 AM,482.1,500,241050.0,498558229.15000015
09:18:14 AM,482.05,0,0.0,498558229.15000015
09:18:15 AM,482.3,1835,885020.5,499443249.65000015
09:18:15 AM,482.1,600,289260.0,499732509.65000015
09:18:15 AM,482.3,0,0.0,499732509.65000015
09:18:16 AM,482.3,252,121539.6,499854049.2500002
09:18:16 AM,482.35,433,208857.55000000002,500062906.8000002
09:18:16 AM,482.3,0,0.0,500062906.8000002
09:18:16 AM,482.25,0,0.0,500062906.8000002
09:18:17 AM,482.1,912,439675.2,500502582.0000002
09:18:17 AM,482.15,1271,612812.65,501115394.65000015
09:18:17 AM,482.3,0,0.0,501115394.65000015
09:18:18 AM,482.35,1556,750536.6000000001,501865931.2500002
09:18:18 AM,482.35,75,36176.25,501902107.5000002
09:18:18 AM,482.35,20,9647.0,501911754.5000002
09:18:18 AM,482.3,0,0.0,501911754.5000002
09:18:18 AM,482.15,0,0.0,501911754.5000002
09:18:19 AM,482.3,670,323141.0,502234895.5000002
09:18:20 AM,482.1,1335,643603.5,502878499.0000002
09:18:20 AM,482.1,727,350486.7,503228985.70000017
09:18:21 AM,482.3,2086,1006077.8,504235063.5000002
09:18:21 AM,482.25,227,109470.75,504344534.2500002
09:18:22 AM,482.1,175,84367.5,504428901.7500002
09:18:22 AM,482.3,9,4340.7,504433242.45000017
09:18:22 AM,482.1,0,0.0,504433242.45000017
09:18:22 AM,482.3,0,0.0,504433242.45000017
09:18:23 AM,482.2,1095,528009.0,504961251.45000017
09:18:23 AM,482.1,24,11570.400000000001,504972821.85000014
09:18:23 AM,481.95,0,0.0,504972821.85000014
09:18:23 AM,482.05,0,0.0,504972821.85000014
09:18:24 AM,482.1,8472,4084351.2,509057173.05000013
09:18:24 AM,482.2,102,49184.4,509106357.4500001
09:18:24 AM,482.1,0,0.0,509106357.4500001
09:18:25 AM,482.25,2158,1040695.5,510147052.9500001
09:18:25 AM,482.25,150,72337.5,510219390.4500001
09:18:25 AM,482.3,0,0.0,510219390.4500001
09:18:25 AM,482.25,0,0.0,510219390.4500001
09:18:26 AM,482.15,437,210699.55,510430090.0000001
09:18:26 AM,482.2,812,391546.39999999997,510821636.4000001
09:18:26 AM,482.15,0,0.0,510821636.4000001
09:18:26 AM,482.3,0,0.0,510821636.4000001
09:18:27 AM,482.3,261,125880.3,510947516.7000001
09:18:27 AM,482.3,8407,4054696.1,515002212.80000013
09:18:27 AM,482.4,0,0.0,515002212.80000013
09:18:28 AM,482.35,8865,4276032.75,519278245.55000013
09:18:28 AM,482.65,5252,2534877.8,521813123.35000014
09:18:28 AM,482.7,0,0.0,521813123.35000014
09:18:29 AM,482.95,1521,734566.95,522547690.30000013
09:18:29 AM,482.85,229,110572.65000000001,522658262.9500001
09:18:29 AM,482.95,0,0.0,522658262.9500001
09:18:29 AM,483.0,0,0.0,522658262.9500001
09:18:30 AM,482.9,437,211027.3,522869290.2500001
09:18:30 AM,482.8,1476,712612.8,523581903.05000013
09:18:30 AM,483.0,0,0.0,523581903.05000013
09:18:31 AM,483.0,4546,2195718.0,525777621.05000013
09:18:31 AM,482.95,3027,1461889.65,527239510.7000001
09:18:31 AM,483.15,0,0.0,527239510.7000001
09:18:31 AM,483.3,0,0.0,527239510.7000001
09:18:32 AM,483.35,2152,1040169.2000000001,528279679.9000001
09:18:32 AM,483.25,0,0.0,528279679.9000001
09:18:32 AM,483.2,1620,782784.0,529062463.9000001
09:18:32 AM,482.75,0,0.0,529062463.9000001
09:18:33 AM,482.95,3620,1748279.0,530810742.9000001
09:18:33 AM,482.9,0,0.0,530810742.9000001
09:18:33 AM,482.9,148,71469.2,530882212.1000001
09:18:33 AM,482.65,0,0.0,530882212.1000001
09:18:34 AM,482.65,921,444520.64999999997,531326732.75000006
09:18:34 AM,482.9,0,0.0,531326732.75000006
09:18:34 AM,482.9,488,235655.19999999998,531562387.95000005
09:18:35 AM,482.9,1911,922821.8999999999,532485209.85
09:18:35 AM,482.8,0,0.0,532485209.85
09:18:35 AM,482.8,110,53108.0,532538317.85
09:18:35 AM,482.6,0,0.0,532538317.85
09:18:36 AM,482.9,360,173844.0,532712161.85
09:18:36 AM,482.6,0,0.0,532712161.85
09:18:36 AM,482.6,3182,1535633.2000000002,534247795.05
09:18:36 AM,482.55,0,0.0,534247795.05
09:18:37 AM,482.9,659,318231.1,534566026.15000004
09:18:37 AM,482.65,0,0.0,534566026.15000004
09:18:37 AM,482.9,280,135212.0,534701238.15000004
09:18:38 AM,482.9,352,169980.8,534871218.95000005
09:18:38 AM,482.85,0,0.0,534871218.95000005
09:18:38 AM,482.85,230,111055.5,534982274.45000005
09:18:38 AM,482.65,0,0.0,534982274.45000005
09:18:39 AM,482.9,786,379559.39999999997,535361833.85
09:18:39 AM,482.85,0,0.0,535361833.85
09:18:39 AM,482.8,392,189257.6,535551091.45000005
09:18:39 AM,482.85,0,0.0,535551091.45000005
09:18:40 AM,482.6,1481,714730.6,536265822.0500001
09:18:40 AM,482.45,0,0.0,536265822.0500001
09:18:40 AM,482.45,330,159208.5,536425030.5500001
09:18:40 AM,482.65,0,0.0,536425030.5500001
09:18:41 AM,482.75,397,191651.75,536616682.3000001
09:18:41 AM,482.5,0,0.0,536616682.3000001
09:18:41 AM,482.5,50,24125.0,536640807.3000001
09:18:41 AM,482.75,0,0.0,536640807.3000001
09:18:42 AM,482.7,763,368300.1,537009107.4000001
09:18:42 AM,482.75,0,0.0,537009107.4000001
09:18:42 AM,482.75,125,60343.75,537069451.1500001
09:18:42 AM,482.7,0,0.0,537069451.1500001
09:18:43 AM,482.55,1131,545764.05,537615215.2
09:18:43 AM,482.75,0,0.0,537615215.2
09:18:43 AM,482.75,3954,1908793.5,539524008.7
09:18:44 AM,482.75,453,218685.75,539742694.45
09:18:44 AM,482.35,0,0.0,539742694.45
09:18:44 AM,482.35,666,321245.10000000003,540063939.5500001
09:18:44 AM,482.55,0,0.0,540063939.5500001
09:18:45 AM,482.55,1091,526462.05,540590401.6
09:18:45 AM,482.4,0,0.0,540590401.6
09:18:45 AM,482.4,329,158709.6,540749111.2
09:18:45 AM,482.35,0,0.0,540749111.2
09:18:46 AM,482.35,1064,513220.4,541262331.6
09:18:46 AM,482.4,0,0.0,541262331.6
09:18:46 AM,482.4,242,116740.79999999999,541379072.4
09:18:47 AM,482.4,51,24602.399999999998,541403674.8
09:18:47 AM,482.35,0,0.0,541403674.8
09:18:47 AM,482.35,1293,623678.55,542027353.3499999
09:18:48 AM,482.3,357,172181.1,542199534.4499999
09:18:48 AM,482.35,0,0.0,542199534.4499999
09:18:48 AM,482.35,6,2894.1000000000004,542202428.55
09:18:49 AM,482.1,752,362539.2,542564967.75
09:18:49 AM,482.35,0,0.0,542564967.75
09:18:49 AM,482.35,236,113834.6,542678802.35
09:18:49 AM,482.1,0,0.0,542678802.35
09:18:50 AM,482.1,59,28443.9,542707246.25
09:18:50 AM,482.35,0,0.0,542707246.25
09:18:50 AM,482.35,656,316421.60000000003,543023667.85
09:18:50 AM,482.1,0,0.0,543023667.85
09:18:51 AM,482.3,1355,653516.5,543677184.35
09:18:51 AM,482.35,0,0.0,543677184.35
09:18:51 AM,482.3,901,434552.3,544111736.65
09:18:51 AM,482.4,0,0.0,544111736.65
09:18:52 AM,482.35,1748,843147.8,544954884.4499999
09:18:52 AM,482.4,2621,1264370.4,546219254.8499999
09:18:53 AM,482.55,1505,726237.75,546945492.5999999
09:18:53 AM,482.75,0,0.0,546945492.5999999
09:18:53 AM,482.45,614,296224.3,547241716.8999999
09:18:53 AM,482.75,0,0.0,547241716.8999999
09:18:54 AM,482.75,1058,510749.5,547752466.3999999
09:18:54 AM,482.75,10,4827.5,547757293.8999999
09:18:54 AM,482.8,0,0.0,547757293.8999999
09:18:55 AM,482.55,529,255268.95,548012562.8499999
09:18:55 AM,482.6,0,0.0,548012562.8499999
09:18:55 AM,482.6,500,241300.0,548253862.8499999
09:18:56 AM,482.6,974,470052.4,548723915.2499999
09:18:56 AM,482.6,1,482.6,548724397.8499999
09:18:56 AM,482.55,0,0.0,548724397.8499999
09:18:56 AM,482.55,2492,1202514.6,549926912.4499999
09:18:57 AM,482.55,1131,545764.05,550472676.4999999
09:18:57 AM,482.9,0,0.0,550472676.4999999
09:18:57 AM,482.9,184,88853.59999999999,550561530.0999999
09:18:58 AM,482.85,1347,650398.9500000001,551211929.05
09:18:58 AM,482.85,541,261221.85,551473150.9
09:18:59 AM,482.9,3684,1779003.5999999999,553252154.5
09:18:59 AM,482.85,0,0.0,553252154.5
09:18:59 AM,482.85,534,257841.90000000002,553509996.4
09:19:00 AM,482.8,5533,2671332.4,556181328.8
09:19:00 AM,482.95,0,0.0,556181328.8
09:19:00 AM,482.95,7674,3706158.3,559887487.0999999
09:19:01 AM,483.15,0,0.0,559887487.0999999
09:19:01 AM,482.8,0,0.0,559887487.0999999
09:19:01 AM,482.8,4211,2033070.8,561920557.8999999
09:19:02 AM,483.15,1627,786085.0499999999,562706642.9499998
09:19:02 AM,483.2,0,0.0,562706642.9499998
09:19:02 AM,483.1,0,0.0,562706642.9499998
09:19:02 AM,483.1,640,309184.0,563015826.9499998
09:19:03 AM,483.0,101,48783.0,563064609.9499998
09:19:03 AM,483.05,0,0.0,563064609.9499998
09:19:03 AM,483.15,0,0.0,563064609.9499998
09:19:03 AM,483.15,1272,614566.7999999999,563679176.7499998
09:19:04 AM,483.25,5451,2634195.75,566313372.4999998
09:19:04 AM,483.05,0,0.0,566313372.4999998
09:19:04 AM,483.05,622,300457.10000000003,566613829.5999998
09:19:05 AM,483.2,474,229036.8,566842866.3999997
09:19:05 AM,482.9,0,0.0,566842866.3999997
09:19:05 AM,483.2,0,0.0,566842866.3999997
09:19:05 AM,483.2,938,453241.6,567296107.9999998
09:19:06 AM,482.95,150,72442.5,567368550.4999998
09:19:06 AM,483.0,0,0.0,567368550.4999998
09:19:06 AM,483.05,0,0.0,567368550.4999998
09:19:06 AM,483.1,1165,562811.5,567931361.9999998
09:19:07 AM,483.1,1022,493728.2,568425090.1999998
09:19:07 AM,483.0,0,0.0,568425090.1999998
09:19:07 AM,482.9,0,0.0,568425090.1999998
09:19:07 AM,482.9,3170,1530793.0,569955883.1999998
09:19:08 AM,482.95,9,4346.55,569960229.7499998
09:19:08 AM,482.95,1201,580022.95,570540252.6999998
09:19:09 AM,482.95,742,358348.89999999997,570898601.5999998
09:19:09 AM,482.95,509,245821.55,571144423.1499997
09:19:10 AM,482.7,91,43925.7,571188348.8499998
09:19:10 AM,482.6,0,0.0,571188348.8499998
09:19:10 AM,482.7,0,0.0,571188348.8499998
09:19:10 AM,482.7,3701,1786472.7,572974821.5499998
09:19:11 AM,482.75,574,277098.5,573251920.0499998
09:19:11 AM,482.7,0,0.0,573251920.0499998
09:19:12 AM,482.45,11133,5371115.85,578623035.8999999
09:19:12 AM,482.75,50,24137.5,578647173.3999999
09:19:12 AM,482.6,0,0.0,578647173.3999999
09:19:12 AM,482.65,0,0.0,578647173.3999999
09:19:13 AM,482.65,1923,928135.95,579575309.3499999
09:19:13 AM,482.65,15,7239.75,579582549.0999999
09:19:13 AM,482.45,0,0.0,579582549.0999999
09:19:14 AM,482.6,767,370154.2,579952703.3
09:19:14 AM,482.45,11,5306.95,579958010.25
09:19:14 AM,482.35,0,0.0,579958010.25
09:19:14 AM,482.3,0,0.0,579958010.25
09:19:15 AM,482.1,7607,3667334.7,583625344.95
09:19:15 AM,482.3,128,61734.4,583687079.35
09:19:15 AM,482.45,0,0.0,583687079.35
09:19:16 AM,482.3,1783,859940.9,584547020.25
09:19:16 AM,482.35,50,24117.5,584571137.75
09:19:16 AM,482.3,0,0.0,584571137.75
09:19:17 AM,482.3,1143,551268.9,585122406.65
09:19:17 AM,482.35,51,24599.850000000002,585147006.5
09:19:17 AM,482.25,0,0.0,585147006.5
09:19:18 AM,482.1,614,296009.4,585443015.9
09:19:18 AM,482.25,0,0.0,585443015.9
09:19:19 AM,482.25,1529,737360.25,586180376.15
09:19:19 AM,482.5,0,0.0,586180376.15
09:19:19 AM,482.7,0,0.0,586180376.15
09:19:20 AM,482.8,8798,4247674.4,590428050.55
09:19:20 AM,482.9,0,0.0,590428050.55
09:19:21 AM,482.9,828,399841.19999999995,590827891.75
09:19:21 AM,482.9,1645,794370.5,591622262.25
09:19:21 AM,483.0,0,0.0,591622262.25
09:19:22 AM,483.1,5454,2634827.4,594257089.65
09:19:22 AM,483.2,0,0.0,594257089.65
09:19:23 AM,483.4,4314,2085387.5999999999,596342477.25
09:19:23 AM,483.1,117,56522.700000000004,596398999.95
09:19:23 AM,483.25,0,0.0,596398999.95
09:19:24 AM,483.0,1088,525504.0,596924503.95
09:19:24 AM,483.1,0,0.0,596924503.95
09:19:24 AM,483.25,0,0.0,596924503.95
09:19:25 AM,483.15,1612,778837.7999999999,597703341.75
09:19:25 AM,483.05,373,180177.65,597883519.4
09:19:25 AM,483.15,0,0.0,597883519.4
09:19:26 AM,482.95,3304,1595666.8,599479186.1999999
09:19:26 AM,483.2,30,14496.0,599493682.1999999
09:19:26 AM,483.25,0,0.0,599493682.1999999
09:19:26 AM,482.95,0,0.0,599493682.1999999
09:19:27 AM,483.25,1072,518044.0,600011726.1999999
09:19:27 AM,482.95,50,24147.5,600035873.6999999
09:19:27 AM,483.2,0,0.0,600035873.6999999
09:19:28 AM,483.25,1697,820075.25,600855948.9499999
09:19:28 AM,483.3,6805,3288856.5,604144805.4499999
09:19:28 AM,483.25,0,0.0,604144805.4499999
09:19:29 AM,483.0,2167,1046661.0,605191466.4499999
09:19:29 AM,483.2,2,966.4,605192432.8499999
09:19:29 AM,483.0,0,0.0,605192432.8499999
09:19:29 AM,483.3,0,0.0,605192432.8499999
09:19:30 AM,483.0,1359,656397.0,605848829.8499999
09:19:30 AM,483.0,2,966.0,605849795.8499999
09:19:30 AM,483.3,0,0.0,605849795.8499999
09:19:31 AM,483.2,1922,928710.4,606778506.2499999
09:19:31 AM,483.2,110,53152.0,606831658.2499999
09:19:31 AM,483.3,0,0.0,606831658.2499999
09:19:31 AM,483.0,0,0.0,606831658.2499999
09:19:32 AM,483.05,897,433295.85000000003,607264954.0999999
09:19:32 AM,483.0,15,7245.0,607272199.0999999
09:19:32 AM,483.1,0,0.0,607272199.0999999
09:19:32 AM,483.4,0,0.0,607272199.0999999
09:19:33 AM,483.3,6776,3274840.8000000003,610547039.8999999
09:19:33 AM,483.35,60,29001.0,610576040.8999999
09:19:33 AM,483.2,0,0.0,610576040.8999999
09:19:33 AM,483.3,0,0.0,610576040.8999999
09:19:34 AM,483.25,1966,950069.5,611526110.3999999
09:19:34 AM,483.3,0,0.0,611526110.3999999
09:19:35 AM,483.3,2844,1374505.2,612900615.5999999
09:19:35 AM,483.3,3,1449.9,612902065.4999999
09:19:36 AM,483.1,1762,851222.2000000001,613753287.6999999
09:19:36 AM,483.3,500,241650.0,613994937.6999999
09:19:37 AM,483.3,910,439803.0,614434740.6999999
09:19:37 AM,483.25,0,0.0,614434740.6999999
09:19:38 AM,483.25,6510,3145957.5,617580698.1999999
09:19:38 AM,483.15,0,0.0,617580698.1999999
09:19:38 AM,483.25,0,0.0,617580698.1999999
09:19:39 AM,483.25,2267,1095527.75,618676225.9499999
09:19:39 AM,483.2,0,0.0,618676225.9499999
09:19:40 AM,483.25,2145,1036571.25,619712797.1999999
09:19:40 AM,483.0,413,199479.0,619912276.1999999
09:19:40 AM,483.25,0,0.0,619912276.1999999
09:19:40 AM,483.15,0,0.0,619912276.1999999
09:19:41 AM,483.2,1622,783750.4,620696026.5999999
09:19:41 AM,483.15,187,90349.05,620786375.6499999
09:19:41 AM,483.2,0,0.0,620786375.6499999
09:19:42 AM,483.2,1498,723833.6,621510209.2499999
09:19:42 AM,483.2,187,90358.4,621600567.6499999
09:19:42 AM,483.25,0,0.0,621600567.6499999
09:19:42 AM,483.0,0,0.0,621600567.6499999
09:19:43 AM,483.15,1141,551274.15,622151841.7999998
09:19:43 AM,483.0,500,241500.0,622393341.7999998
09:19:43 AM,483.15,0,0.0,622393341.7999998
09:19:43 AM,483.05,0,0.0,622393341.7999998
09:19:44 AM,483.0,797,384951.0,622778292.7999998
09:19:44 AM,483.2,0,0.0,622778292.7999998
09:19:45 AM,483.25,1682,812826.5,623591119.2999998
09:19:45 AM,483.3,0,0.0,623591119.2999998
09:19:45 AM,483.1,0,0.0,623591119.2999998
09:19:46 AM,483.15,754,364295.1,623955414.3999999
09:19:46 AM,483.3,10,4833.0,623960247.3999999
09:19:46 AM,483.15,0,0.0,623960247.3999999
09:19:46 AM,483.4,0,0.0,623960247.3999999
09:19:47 AM,483.15,5252,2537503.8,626497751.1999998
09:19:47 AM,483.4,15,7251.0,626505002.1999998
09:19:47 AM,483.15,0,0.0,626505002.1999998
09:19:47 AM,483.05,0,0.0,626505002.1999998
09:19:48 AM,483.2,4951,2392323.1999999997,628897325.3999999
09:19:48 AM,483.2,19,9180.8,628906506.1999998
09:19:48 AM,483.25,0,0.0,628906506.1999998
09:19:49 AM,483.25,2420,1169465.0,630075971.1999998
09:19:49 AM,483.0,500,241500.0,630317471.1999998
09:19:49 AM,483.05,0,0.0,630317471.1999998
09:19:49 AM,483.0,0,0.0,630317471.1999998
09:19:50 AM,483.05,1173,566617.65,630884088.8499998
09:19:50 AM,483.25,265,128061.25,631012150.0999998
09:19:50 AM,483.05,0,0.0,631012150.0999998
09:19:50 AM,483.25,0,0.0,631012150.0999998
09:19:51 AM,483.3,1802,870906.6,631883056.6999998
09:19:51 AM,483.3,10,4833.0,631887889.6999998
09:19:51 AM,483.05,0,0.0,631887889.6999998
09:19:51 AM,483.3,0,0.0,631887889.6999998
09:19:52 AM,483.35,1377,665572.9500000001,632553462.6499999
09:19:52 AM,483.35,21,10150.35,632563612.9999999
09:19:52 AM,483.4,0,0.0,632563612.9999999
09:19:52 AM,483.35,0,0.0,632563612.9999999
09:19:53 AM,483.2,1562,754758.4,633318371.3999999
09:19:53 AM,483.4,0,0.0,633318371.3999999
09:19:53 AM,483.45,0,0.0,633318371.3999999
09:19:54 AM,483.45,2157,1042801.65,634361173.0499998
09:19:54 AM,483.25,200,96650.0,634457823.0499998
09:19:54 AM,483.45,0,0.0,634457823.0499998
09:19:54 AM,483.2,0,0.0,634457823.0499998
09:19:55 AM,483.25,823,397714.75,634855537.7999998
09:19:55 AM,483.45,3,1450.35,634856988.1499999
09:19:55 AM,483.25,0,0.0,634856988.1499999
09:19:55 AM,483.4,0,0.0,634856988.1499999
09:19:56 AM,483.45,424,204982.8,635061970.9499998
09:19:56 AM,483.25,30,14497.5,635076468.4499998
09:19:56 AM,483.45,0,0.0,635076468.4499998
09:19:56 AM,483.65,0,0.0,635076468.4499998
09:19:57 AM,483.8,40106,19403282.8,654479751.2499998
09:19:57 AM,483.8,20,9676.0,654489427.2499998
09:19:57 AM,483.65,0,0.0,654489427.2499998
09:19:57 AM,483.7,0,0.0,654489427.2499998
09:19:58 AM,483.65,3138,1517693.7,656007120.9499998
09:19:58 AM,483.85,558,269988.3,656277109.2499998
09:19:59 AM,483.9,4959,2399660.1,658676769.3499998
09:19:59 AM,483.7,181,87549.7,658764319.0499998
09:19:59 AM,483.9,0,0.0,658764319.0499998
09:19:59 AM,483.85,0,0.0,658764319.0499998
09:20:00 AM,483.85,2864,1385746.4000000001,660150065.4499998
09:20:00 AM,483.85,25,12096.25,660162161.6999998
09:20:00 AM,483.9,0,0.0,660162161.6999998
09:20:01 AM,483.6,3812,1843483.2000000002,662005644.8999999
09:20:01 AM,483.85,179,86609.15000000001,662092254.0499998
09:20:01 AM,483.9,0,0.0,662092254.0499998
09:20:02 AM,483.8,1725,834555.0,662926809.0499998
09:20:02 AM,483.8,11,5321.8,662932130.8499998
09:20:02 AM,483.9,0,0.0,662932130.8499998
09:20:03 AM,483.9,2011,973122.8999999999,663905253.7499998
09:20:03 AM,483.9,528,255499.19999999998,664160752.9499998
09:20:03 AM,483.8,0,0.0,664160752.9499998
09:20:03 AM,483.9,0,0.0,664160752.9499998
09:20:04 AM,483.85,2094,1013181.9,665173934.8499998
09:20:04 AM,483.9,1,483.9,665174418.7499998
09:20:04 AM,484.05,0,0.0,665174418.7499998
09:20:05 AM,484.0,38016,18399744.0,683574162.7499998
09:20:05 AM,484.05,4,1936.2,683576098.9499998
09:20:05 AM,484.3,0,0.0,683576098.9499998
09:20:05 AM,484.45,0,0.0,683576098.9499998
09:20:06 AM,484.4,4314,2089701.5999999999,685665800.5499998
09:20:06 AM,484.4,14,6781.599999999999,685672582.1499999
09:20:06 AM,484.2,0,0.0,685672582.1499999
09:20:06 AM,484.4,0,0.0,685672582.1499999
09:20:07 AM,484.45,6114,2961927.3,688634509.4499998
09:20:08 AM,484.35,6211,3008297.85,691642807.2999998
09:20:08 AM,484.5,5,2422.5,691645229.7999998
09:20:09 AM,484.7,6836,3313409.1999999997,694958638.9999999
09:20:09 AM,484.7,20,9694.0,694968332.9999999
09:20:09 AM,484.75,0,0.0,694968332.9999999
09:20:10 AM,484.5,2247,1088671.5,696057004.4999999
09:20:10 AM,484.5,707,342541.5,696399545.9999999
09:20:10 AM,484.75,0,0.0,696399545.9999999
09:20:10 AM,484.65,0,0.0,696399545.9999999
09:20:11 AM,484.9,5079,2462807.1,698862353.0999999
09:20:11 AM,484.9,16,7758.4,698870111.4999999
09:20:11 AM,484.9,1091,529025.9,699399137.3999999
09:20:11 AM,484.65,0,0.0,699399137.3999999
09:20:12 AM,484.85,439,212849.15000000002,699611986.5499998
09:20:12 AM,484.65,2497,1210171.05,700822157.5999998
09:20:12 AM,484.85,0,0.0,700822157.5999998
09:20:13 AM,484.7,1704,825928.7999999999,701648086.3999997
09:20:13 AM,484.75,0,0.0,701648086.3999997
09:20:13 AM,484.85,719,348607.15,701996693.5499997
09:20:13 AM,484.75,0,0.0,701996693.5499997
09:20:14 AM,484.75,4072,1973902.0,703970595.5499997
09:20:14 AM,484.8,0,0.0,703970595.5499997
09:20:14 AM,484.8,1380,669024.0,704639619.5499997
09:20:15 AM,484.85,648,314182.8,704953802.3499997
09:20:15 AM,484.6,0,0.0,704953802.3499997
09:20:15 AM,484.7,594,287911.8,705241714.1499996
09:20:15 AM,484.85,0,0.0,705241714.1499996
09:20:16 AM,484.9,1700,824330.0,706066044.1499996
09:20:16 AM,484.8,0,0.0,706066044.1499996
09:20:16 AM,484.9,1201,582364.9,706648409.0499996
09:20:16 AM,484.7,0,0.0,706648409.0499996
09:20:17 AM,485.0,23078,11192830.0,717841239.0499996
09:20:17 AM,484.8,0,0.0,717841239.0499996
09:20:17 AM,484.85,550,266667.5,718107906.5499996
09:20:17 AM,484.95,0,0.0,718107906.5499996
09:20:18 AM,484.9,35053,16997199.7,735105106.2499996
09:20:18 AM,485.05,0,0.0,735105106.2499996
09:20:18 AM,485.25,1324,642471.0,735747577.2499996
09:20:18 AM,485.1,0,0.0,735747577.2499996
09:20:19 AM,485.25,4303,2088030.75,737835607.9999996
09:20:19 AM,485.3,943,457637.9,738293245.8999996
09:20:19 AM,485.15,0,0.0,738293245.8999996
09:20:20 AM,485.0,4322,2096170.0,740389415.8999996
09:20:20 AM,485.25,0,0.0,740389415.8999996
09:20:20 AM,485.5,1121,544245.5,740933661.3999996
09:20:21 AM,485.5,2803,1360856.5,742294517.8999996
09:20:21 AM,485.3,1133,549844.9,742844362.7999996
09:20:21 AM,485.35,0,0.0,742844362.7999996
09:20:22 AM,485.55,10492,5094390.600000001,747938753.3999996
09:20:22 AM,485.5,0,0.0,747938753.3999996
09:20:22 AM,485.45,145,70390.25,748009143.6499996
09:20:22 AM,485.5,0,0.0,748009143.6499996
09:20:23 AM,485.65,2136,1037348.3999999999,749046492.0499996
09:20:23 AM,485.7,0,0.0,749046492.0499996
09:20:23 AM,485.65,646,313729.89999999997,749360221.9499996
09:20:23 AM,485.4,0,0.0,749360221.9499996
09:20:24 AM,485.7,4407,2140479.9,751500701.8499995
09:20:24 AM,485.55,0,0.0,751500701.8499995
09:20:24 AM,485.5,2022,981681.0,752482382.8499995
09:20:24 AM,485.45,0,0.0,752482382.8499995
09:20:25 AM,485.45,1864,904878.7999999999,753387261.6499995
09:20:25 AM,485.5,0,0.0,753387261.6499995
09:20:25 AM,485.6,1920,932352.0,754319613.6499995
09:20:25 AM,485.65,0,0.0,754319613.6499995
09:20:26 AM,485.65,2041,991211.6499999999,755310825.2999995
09:20:26 AM,485.65,2021,981498.6499999999,756292323.9499995
09:20:27 AM,485.65,1965,954302.25,757246626.1999995
09:20:27 AM,485.75,2169,1053591.75,758300217.9499995
09:20:27 AM,485.7,0,0.0,758300217.9499995
09:20:28 AM,485.85,1732,841492.2000000001,759141710.1499995
09:20:28 AM,485.85,1959,951780.15,760093490.2999995
09:20:29 AM,485.9,1117,542750.2999999999,760636240.5999994
09:20:29 AM,485.8,0,0.0,760636240.5999994
09:20:29 AM,485.9,2305,1119999.5,761756240.0999994
09:20:29 AM,485.95,0,0.0,761756240.0999994
09:20:30 AM,485.95,531,258039.44999999998,762014279.5499995
09:20:30 AM,486.3,0,0.0,762014279.5499995
09:20:30 AM,486.05,13110,6372115.5,768386395.0499995
09:20:30 AM,486.15,0,0.0,768386395.0499995
09:20:31 AM,485.8,9789,4755496.2,773141891.2499995
09:20:31 AM,485.85,797,387222.45,773529113.6999996
09:20:31 AM,486.3,0,0.0,773529113.6999996
09:20:32 AM,486.25,3222,1566697.5,775095811.1999996
09:20:32 AM,485.9,0,0.0,775095811.1999996
09:20:32 AM,485.95,4547,2209614.65,777305425.8499995
09:20:33 AM,485.5,7581,3680575.5,780986001.3499995
09:20:33 AM,485.75,0,0.0,780986001.3499995
09:20:33 AM,485.75,584,283678.0,781269679.3499995
09:20:33 AM,485.7,0,0.0,781269679.3499995
09:20:34 AM,485.7,1776,862603.2,782132282.5499996
09:20:34 AM,485.85,0,0.0,782132282.5499996
09:20:34 AM,486.0,2276,1106136.0,783238418.5499996
09:20:34 AM,485.95,0,0.0,783238418.5499996
09:20:35 AM,485.75,4766,2315084.5,785553503.0499996
09:20:35 AM,486.0,0,0.0,785553503.0499996
09:20:35 AM,486.0,3775,1834650.0,787388153.0499996
09:20:35 AM,485.9,0,0.0,787388153.0499996
09:20:36 AM,486.0,1428,694008.0,788082161.0499996
09:20:36 AM,485.95,3159,1535116.05,789617277.0999995
09:20:36 AM,486.0,0,0.0,789617277.0999995
09:20:37 AM,485.9,1590,772581.0,790389858.0999995
09:20:37 AM,485.9,1015,493188.5,790883046.5999995
09:20:37 AM,486.0,0,0.0,790883046.5999995
09:20:38 AM,485.75,1900,922925.0,791805971.5999995
09:20:38 AM,485.95,0,0.0,791805971.5999995
09:20:38 AM,485.95,9238,4489206.1,796295177.6999996
09:20:38 AM,486.0,0,0.0,796295177.6999996
09:20:39 AM,486.1,322,156524.2,796451701.8999996
09:20:39 AM,486.3,0,0.0,796451701.8999996
09:20:39 AM,486.25,2289,1113026.25,797564728.1499996
09:20:39 AM,486.3,0,0.0,797564728.1499996
09:20:40 AM,486.35,1361,661922.35,798226650.4999996
09:20:40 AM,486.15,0,0.0,798226650.4999996
09:20:40 AM,486.1,1149,558528.9,798785179.3999996
09:20:40 AM,486.35,0,0.0,798785179.3999996
09:20:41 AM,486.15,260,126399.0,798911578.3999996
09:20:41 AM,486.2,691,335964.2,799247542.5999997
09:20:41 AM,486.4,0,0.0,799247542.5999997
09:20:42 AM,486.2,1757,854253.4,800101795.9999996
09:20:42 AM,486.5,3159,1536853.5,801638649.4999996
09:20:42 AM,486.4,0,0.0,801638649.4999996
09:20:43 AM,486.3,7414,3605428.2,805244077.6999997
09:20:43 AM,486.2,1281,622822.2,805866899.8999997
09:20:43 AM,486.45,0,0.0,805866899.8999997
09:20:44 AM,486.2,1194,580522.7999999999,806447422.6999997
09:20:44 AM,486.45,0,0.0,806447422.6999997
09:20:44 AM,486.2,890,432718.0,806880140.6999997
09:20:44 AM,486.45,0,0.0,806880140.6999997
09:20:45 AM,486.2,1102,535792.4,807415933.0999997
09:20:45 AM,486.05,0,0.0,807415933.0999997
09:20:45 AM,486.05,2041,992028.05,808407961.1499996
09:20:46 AM,486.0,142,69012.0,808476973.1499996
09:20:46 AM,486.1,0,0.0,808476973.1499996
09:20:46 AM,486.2,0,0.0,808476973.1499996
09:20:46 AM,486.05,604,293574.2,808770547.3499997
09:20:47 AM,486.3,1748,850052.4,809620599.7499996
09:20:47 AM,486.35,0,0.0,809620599.7499996
09:20:47 AM,486.4,2018,981555.2,810602154.9499997
09:20:48 AM,486.05,3669,1783317.45,812385472.3999997
09:20:48 AM,486.4,0,0.0,812385472.3999997
09:20:48 AM,486.3,0,0.0,812385472.3999997
09:20:48 AM,486.3,1730,841299.0,813226771.3999997
09:20:49 AM,486.4,1660,807424.0,814034195.3999997
09:20:49 AM,486.3,0,0.0,814034195.3999997
09:20:49 AM,486.15,0,0.0,814034195.3999997
09:20:50 AM,486.3,2665,1295989.5,815330184.8999997
09:20:50 AM,486.2,668,324781.6,815654966.4999998
09:20:50 AM,486.45,0,0.0,815654966.4999998
09:20:50 AM,486.5,0,0.0,815654966.4999998
09:20:51 AM,486.3,1392,676929.6,816331896.0999998
09:20:51 AM,486.2,1835,892177.0,817224073.0999998
09:20:51 AM,486.4,0,0.0,817224073.0999998
09:20:51 AM,486.3,0,0.0,817224073.0999998
09:20:52 AM,486.3,2207,1073264.1,818297337.1999998
09:20:52 AM,486.4,2160,1050624.0,819347961.1999998
09:20:52 AM,486.45,0,0.0,819347961.1999998
09:20:53 AM,486.2,1153,560588.6,819908549.7999998
09:20:53 AM,486.4,986,479590.39999999997,820388140.1999998
09:20:53 AM,486.3,0,0.0,820388140.1999998
09:20:54 AM,486.4,2670,1298688.0,821686828.1999998
09:20:54 AM,486.15,222,107925.29999999999,821794753.4999998
09:20:54 AM,486.4,0,0.0,821794753.4999998
09:20:55 AM,486.15,1390,675748.5,822470501.9999998
09:20:55 AM,486.3,668,324848.4,822795350.3999997
09:20:55 AM,486.35,0,0.0,822795350.3999997
09:20:55 AM,486.05,0,0.0,822795350.3999997
09:20:56 AM,486.3,1753,852483.9,823647834.2999997
09:20:56 AM,486.35,1036,503858.60000000003,824151692.8999997
09:20:56 AM,486.3,0,0.0,824151692.8999997
09:20:56 AM,486.0,0,0.0,824151692.8999997
09:20:57 AM,486.3,24061,11700864.3,835852557.1999997
09:20:57 AM,486.2,961,467238.2,836319795.3999997
09:20:57 AM,486.4,0,0.0,836319795.3999997
09:20:57 AM,486.2,0,0.0,836319795.3999997
09:20:58 AM,486.45,992,482558.39999999997,836802353.7999997
09:20:58 AM,486.25,232,112810.0,836915163.7999997
09:20:58 AM,486.45,0,0.0,836915163.7999997
09:20:58 AM,486.25,0,0.0,836915163.7999997
09:20:59 AM,486.05,5755,2797217.75,839712381.5499997
09:20:59 AM,485.8,13694,6652545.2,846364926.7499998
09:20:59 AM,485.95,0,0.0,846364926.7499998
09:21:00 AM,485.7,2019,980628.2999999999,847345555.0499997
09:21:00 AM,485.7,1122,544955.4,847890510.4499997
09:21:00 AM,486.0,0,0.0,847890510.4499997
09:21:00 AM,485.8,0,0.0,847890510.4499997
09:21:01 AM,485.95,2632,1279020.4,849169530.8499997
09:21:01 AM,485.75,849,412401.75,849581932.5999997
09:21:01 AM,485.95,0,0.0,849581932.5999997
09:21:02 AM,485.7,2456,1192879.2,850774811.7999997
09:21:02 AM,485.9,4475,2174402.5,852949214.2999997
09:21:02 AM,485.7,0,0.0,852949214.2999997
09:21:02 AM,485.95,0,0.0,852949214.2999997
09:21:03 AM,485.9,11273,5477550.7,858426764.9999998
09:21:03 AM,486.0,607,295002.0,858721766.9999998
09:21:04 AM,486.0,1648,800928.0,859522694.9999998
09:21:04 AM,486.0,412,200232.0,859722926.9999998
09:21:05 AM,486.05,12488,6069792.4,865792719.3999997
09:21:05 AM,486.0,450,218700.0,866011419.3999997
09:21:05 AM,486.05,0,0.0,866011419.3999997
09:21:06 AM,486.05,3639,1768735.95,867780155.3499998
09:21:06 AM,486.05,163,79226.15000000001,867859381.4999998
09:21:06 AM,486.25,0,0.0,867859381.4999998
09:21:07 AM,486.3,1013,492621.9,868352003.3999997
09:21:07 AM,486.35,7,3404.4500000000003,868355407.8499998
09:21:07 AM,486.3,0,0.0,868355407.8499998
09:21:08 AM,486.25,10285,5001081.25,873356489.0999998
09:21:08 AM,486.15,0,0.0,873356489.0999998
09:21:09 AM,486.15,753,366070.95,873722560.0499998
09:21:09 AM,486.3,17128,8329346.4,882051906.4499998
09:21:09 AM,486.25,0,0.0,882051906.4499998
09:21:10 AM,486.3,6396,3110374.8000000003,885162281.2499998
09:21:10 AM,486.25,2297,1116916.25,886279197.4999998
09:21:10 AM,486.45,0,0.0,886279197.4999998
09:21:10 AM,486.15,0,0.0,886279197.4999998
09:21:11 AM,486.2,3469,1686627.8,887965825.2999997
09:21:11 AM,486.25,0,0.0,887965825.2999997
09:21:11 AM,486.5,1166,567259.0,888533084.2999997
09:21:11 AM,486.35,0,0.0,888533084.2999997
09:21:12 AM,486.4,2064,1003929.6,889537013.8999997
09:21:12 AM,486.55,0,0.0,889537013.8999997
09:21:12 AM,486.65,165,80297.25,889617311.1499997
09:21:13 AM,486.65,322,156701.3,889774012.4499997
09:21:13 AM,486.75,2486,1210060.5,890984072.9499997
09:21:13 AM,486.65,0,0.0,890984072.9499997
09:21:14 AM,486.75,1275,620606.25,891604679.1999997
09:21:14 AM,486.85,0,0.0,891604679.1999997
09:21:14 AM,486.9,2292,1115974.8,892720653.9999996
09:21:15 AM,486.9,1354,659262.6,893379916.5999997
09:21:15 AM,486.95,0,0.0,893379916.5999997
09:21:15 AM,486.9,1253,610085.7,893990002.2999997
09:21:16 AM,486.9,102,49663.799999999996,894039666.0999997
09:21:16 AM,486.55,0,0.0,894039666.0999997
09:21:16 AM,486.6,2339,1138157.4000000001,895177823.4999996
09:21:17 AM,486.85,3435,1672329.75,896850153.2499996
09:21:17 AM,486.75,0,0.0,896850153.2499996
09:21:17 AM,486.55,2128,1035378.4,897885531.6499996
09:21:18 AM,486.45,1642,798750.9,898684282.5499996
09:21:18 AM,486.65,0,0.0,898684282.5499996
09:21:18 AM,486.65,1112,541154.7999999999,899225437.3499995
09:21:19 AM,486.75,978,476041.5,899701478.8499995
09:21:19 AM,486.55,0,0.0,899701478.8499995
09:21:19 AM,486.55,2880,1401264.0,901102742.8499995
09:21:20 AM,486.5,411,199951.5,901302694.3499995
09:21:20 AM,486.6,0,0.0,901302694.3499995
09:21:20 AM,486.7,3130,1523371.0,902826065.3499995
09:21:21 AM,486.7,175,85172.5,902911237.8499995
09:21:21 AM,486.65,2034,989846.1,903901083.9499996
09:21:22 AM,486.55,314,152776.7,904053860.6499996
09:21:22 AM,486.65,0,0.0,904053860.6499996
09:21:22 AM,486.75,1163,566090.25,904619950.8999996
09:21:23 AM,486.7,1281,623462.7,905243413.5999997
09:21:23 AM,486.75,0,0.0,905243413.5999997
09:21:23 AM,486.75,2093,1018767.75,906262181.3499997
09:21:24 AM,486.8,369,179629.2,906441810.5499997
09:21:24 AM,486.7,0,0.0,906441810.5499997
09:21:24 AM,486.95,9663,4705397.85,911147208.3999997
09:21:25 AM,487.0,2993,1457591.0,912604799.3999997
09:21:25 AM,487.15,0,0.0,912604799.3999997
09:21:25 AM,486.85,24025,11696571.25,924301370.6499997
09:21:25 AM,487.15,0,0.0,924301370.6499997
09:21:26 AM,487.2,617,300602.39999999997,924601973.0499997
09:21:26 AM,487.0,0,0.0,924601973.0499997
09:21:26 AM,487.2,4669,2274736.8,926876709.8499997
09:21:27 AM,487.1,5620,2737502.0,929614211.8499997
09:21:27 AM,487.15,0,0.0,929614211.8499997
09:21:27 AM,487.0,1597,777739.0,930391950.8499997
09:21:28 AM,487.25,599,291862.75,930683813.5999997
09:21:28 AM,487.0,8922,4345014.0,935028827.5999997
09:21:29 AM,487.2,2543,1238949.5999999999,936267777.1999997
09:21:29 AM,486.95,0,0.0,936267777.1999997
09:21:29 AM,487.35,9917,4833049.95,941100827.1499997
09:21:30 AM,487.3,1295,631053.5,941731880.6499997
09:21:30 AM,487.05,0,0.0,941731880.6499997
09:21:30 AM,486.85,3781,1840779.85,943572660.4999998
09:21:30 AM,487.0,0,0.0,943572660.4999998
09:21:31 AM,487.15,183,89148.45,943661808.9499998
09:21:31 AM,487.1,0,0.0,943661808.9499998
09:21:31 AM,486.9,4061,1977300.9,945639109.8499998
09:21:31 AM,487.0,0,0.0,945639109.8499998
09:21:32 AM,487.0,589,286843.0,945925952.8499998
09:21:32 AM,487.2,0,0.0,945925952.8499998
09:21:32 AM,487.25,5483,2671591.75,948597544.5999998
09:21:33 AM,487.25,415,202208.75,948799753.3499998
09:21:33 AM,487.15,0,0.0,948799753.3499998
09:21:33 AM,487.1,12061,5874913.100000001,954674666.4499998
09:21:33 AM,487.2,0,0.0,954674666.4499998
09:21:34 AM,487.2,701,341527.2,955016193.6499999
09:21:34 AM,486.9,1556,757616.3999999999,955773810.0499998
09:21:34 AM,487.1,0,0.0,955773810.0499998
09:21:35 AM,486.9,1255,611059.5,956384869.5499998
09:21:35 AM,487.0,3486,1697682.0,958082551.5499998
09:21:36 AM,486.9,423,205958.69999999998,958288510.2499999
09:21:36 AM,486.65,0,0.0,958288510.2499999
09:21:36 AM,486.85,6614,3220025.9000000004,961508536.1499999
09:21:37 AM,486.95,117,56973.15,961565509.2999998
09:21:37 AM,486.85,0,0.0,961565509.2999998
09:21:37 AM,486.95,3474,1691664.3,963257173.5999998
09:21:38 AM,486.9,2204,1073127.5999999999,964330301.1999998
09:21:38 AM,486.8,0,0.0,964330301.1999998
09:21:38 AM,486.85,7969,3879707.6500000004,968210008.8499998
09:21:39 AM,486.85,156,75948.6,968285957.4499998
09:21:39 AM,486.85,2073,1009240.05,969295197.4999998
09:21:40 AM,486.65,576,280310.39999999997,969575507.8999997
09:21:40 AM,486.7,0,0.0,969575507.8999997
09:21:40 AM,486.55,4056,1973446.8,971548954.6999997
09:21:40 AM,486.75,0,0.0,971548954.6999997
09:21:41 AM,486.6,361,175662.6,971724617.2999997
09:21:41 AM,486.75,0,0.0,971724617.2999997
09:21:41 AM,486.75,2649,1289400.75,973014018.0499997
09:21:42 AM,486.85,288,140212.80000000002,973154230.8499997
09:21:42 AM,486.65,0,0.0,973154230.8499997
09:21:42 AM,486.8,803,390900.4,973545131.2499996
09:21:43 AM,486.9,163,79364.7,973624495.9499997
09:21:43 AM,486.7,0,0.0,973624495.9499997
09:21:43 AM,486.85,1042,507297.7,974131793.6499997
09:21:43 AM,486.9,0,0.0,974131793.6499997
09:21:44 AM,486.7,286,139196.19999999998,974270989.8499998
09:21:44 AM,486.95,0,0.0,974270989.8499998
09:21:44 AM,486.7,687,334362.89999999997,974605352.7499998
09:21:45 AM,486.95,78,37982.1,974643334.8499998
09:21:45 AM,486.9,2087,1016160.2999999999,975659495.1499997
09:21:46 AM,487.0,1359,661833.0,976321328.1499997
09:21:46 AM,486.9,0,0.0,976321328.1499997
09:21:46 AM,487.0,3982,1939234.0,978260562.1499997
09:21:47 AM,486.85,488,237582.80000000002,978498144.9499997
09:21:47 AM,486.9,0,0.0,978498144.9499997
09:21:47 AM,487.0,4963,2416981.0,980915125.9499997
09:21:47 AM,487.05,0,0.0,980915125.9499997
09:21:48 AM,487.05,310,150985.5,981066111.4499997
09:21:48 AM,487.15,0,0.0,981066111.4499997
09:21:48 AM,487.15,1142,556325.2999999999,981622436.7499996
09:21:49 AM,487.15,213,103762.95,981726199.6999997
09:21:49 AM,487.0,2152,1048024.0,982774223.6999997
09:21:50 AM,487.1,151,73552.1,982847775.7999997
09:21:50 AM,487.05,0,0.0,982847775.7999997
09:21:50 AM,487.0,1791,872217.0,983719992.7999997
09:21:51 AM,487.25,276,134481.0,983854473.7999997
09:21:51 AM,487.1,0,0.0,983854473.7999997
09:21:51 AM,487.25,823,401006.75,984255480.5499997
09:21:52 AM,487.15,1768,861281.2,985116761.7499998
09:21:52 AM,487.1,0,0.0,985116761.7499998
09:21:52 AM,487.3,2505,1220686.5,986337448.2499998
09:21:53 AM,487.3,1115,543339.5,986880787.7499998
09:21:53 AM,487.45,0,0.0,986880787.7499998
09:21:53 AM,487.2,0,0.0,986880787.7499998
09:21:54 AM,487.05,5839,2843884.95,989724672.6999998
09:21:54 AM,487.25,105,51161.25,989775833.9499998
09:21:54 AM,487.3,0,0.0,989775833.9499998
09:21:55 AM,487.3,1441,702199.3,990478033.2499998
09:21:55 AM,487.3,15,7309.5,990485342.7499998
09:21:55 AM,487.45,0,0.0,990485342.7499998
09:21:56 AM,487.3,2304,1122739.2,991608081.9499998
09:21:56 AM,487.5,81,39487.5,991647569.4499998
09:21:56 AM,487.25,0,0.0,991647569.4499998
09:21:56 AM,487.5,0,0.0,991647569.4499998
09:21:57 AM,487.5,2271,1107112.5,992754681.9499998
09:21:57 AM,487.5,201,97987.5,992852669.4499998
09:21:57 AM,487.55,0,0.0,992852669.4499998
09:21:57 AM,487.2,0,0.0,992852669.4499998
09:21:58 AM,487.5,8701,4241737.5,997094406.9499998
09:21:58 AM,487.5,66,32175.0,997126581.9499998
09:21:58 AM,487.6,0,0.0,997126581.9499998
09:21:59 AM,487.65,847,413039.55,997539621.4999998
09:21:59 AM,487.5,155,75562.5,997615183.9999998
09:21:59 AM,487.65,0,0.0,997615183.9999998
09:22:00 AM,487.65,5860,2857629.0,1000472812.9999998
09:22:00 AM,487.7,0,0.0,1000472812.9999998
09:22:00 AM,487.5,0,0.0,1000472812.9999998
09:22:01 AM,487.35,2288,1115056.8,1001587869.7999997
09:22:01 AM,487.3,20,9746.0,1001597615.7999997
09:22:01 AM,487.4,0,0.0,1001597615.7999997
09:22:01 AM,487.5,0,0.0,1001597615.7999997
09:22:02 AM,487.3,4258,2074923.4000000001,1003672539.1999997
09:22:02 AM,487.5,172,83850.0,1003756389.1999997
09:22:02 AM,487.45,0,0.0,1003756389.1999997
09:22:03 AM,487.45,4235,2064350.75,1005820739.9499997
09:22:03 AM,487.5,79,38512.5,1005859252.4499997
09:22:04 AM,487.45,3128,1524743.5999999999,1007383996.0499997
09:22:04 AM,487.5,658,320775.0,1007704771.0499997
09:22:04 AM,487.6,0,0.0,1007704771.0499997
09:22:05 AM,487.6,1223,596334.8,1008301105.8499997
09:22:05 AM,487.4,100,48740.0,1008349845.8499997
09:22:05 AM,487.7,0,0.0,1008349845.8499997
09:22:05 AM,487.6,0,0.0,1008349845.8499997
09:22:06 AM,487.35,5480,2670678.0,1011020523.8499997
09:22:06 AM,487.2,1867,909602.4,1011930126.2499996
09:22:06 AM,487.5,0,0.0,1011930126.2499996
09:22:06 AM,487.45,0,0.0,1011930126.2499996
09:22:07 AM,487.45,4614,2249094.3,1014179220.5499996
09:22:07 AM,487.15,5175,2521001.25,1016700221.7999996
09:22:07 AM,487.45,0,0.0,1016700221.7999996
09:22:08 AM,487.2,7560,3683232.0,1020383453.7999996
09:22:08 AM,487.25,9,4385.25,1020387839.0499996
09:22:08 AM,487.0,0,0.0,1020387839.0499996
09:22:08 AM,487.15,0,0.0,1020387839.0499996
09:22:09 AM,487.2,5008,2439897.6,1022827736.6499996
09:22:09 AM,487.15,13927,6784538.05,1029612274.6999996
09:22:09 AM,487.2,0,0.0,1029612274.6999996
09:22:09 AM,487.15,0,0.0,1029612274.6999996
09:22:10 AM,487.1,4703,2290831.3000000003,1031903105.9999995
09:22:10 AM,487.1,143,69655.3,1031972761.2999995
09:22:10 AM,486.95,0,0.0,1031972761.2999995
09:22:10 AM,487.0,0,0.0,1031972761.2999995
09:22:11 AM,487.0,4757,2316659.0,1034289420.2999995
09:22:11 AM,486.7,1285,625409.5,1034914829.7999995
09:22:11 AM,487.05,0,0.0,1034914829.7999995
09:22:11 AM,486.7,0,0.0,1034914829.7999995
09:22:12 AM,487.0,5386,2622982.0,1037537811.7999995
09:22:12 AM,487.05,1624,790969.2000000001,1038328780.9999995
09:22:13 AM,487.05,1987,967768.35,1039296549.3499995
09:22:13 AM,486.9,2048,997171.2,1040293720.5499996
09:22:14 AM,486.95,1891,920822.45,1041214542.9999996
09:22:14 AM,486.95,980,477211.0,1041691753.9999996
09:22:15 AM,486.95,2688,1308921.5999999999,1043000675.5999997
09:22:15 AM,486.7,2333,1135471.0999999999,1044136146.6999997
09:22:15 AM,486.9,0,0.0,1044136146.6999997
09:22:16 AM,486.9,1145,557500.5,1044693647.1999997
09:22:16 AM,486.85,1322,643615.7000000001,1045337262.8999997
09:22:16 AM,486.6,0,0.0,1045337262.8999997
09:22:17 AM,486.6,3847,1871950.2000000002,1047209213.0999998
09:22:17 AM,486.6,6645,3233457.0,1050442670.0999998
09:22:17 AM,486.8,0,0.0,1050442670.0999998
09:22:18 AM,486.9,4802,2338093.8,1052780763.8999997
09:22:18 AM,486.7,520,253084.0,1053033847.8999997
09:22:18 AM,486.9,0,0.0,1053033847.8999997
09:22:18 AM,486.8,0,0.0,1053033847.8999997
09:22:19 AM,486.7,1484,722262.7999999999,1053756110.6999997
09:22:19 AM,486.95,625,304343.75,1054060454.4499997
09:22:20 AM,486.95,1146,558044.7,1054618499.1499997
09:22:20 AM,486.7,827,402500.89999999997,1055021000.0499997
09:22:20 AM,486.95,0,0.0,1055021000.0499997
09:22:21 AM,486.55,2906,1413914.3,1056434914.3499997
09:22:21 AM,486.85,934,454717.9,1056889632.2499996
09:22:22 AM,486.75,8037,3912009.75,1060801641.9999996
09:22:22 AM,486.85,1111,540890.35,1061342532.3499997
09:22:22 AM,486.8,0,0.0,1061342532.3499997
09:22:23 AM,486.55,2315,1126363.25,1062468895.5999997
09:22:23 AM,486.8,956,465380.8,1062934276.3999996
09:22:23 AM,486.75,0,0.0,1062934276.3999996
09:22:23 AM,486.8,0,0.0,1062934276.3999996
09:22:24 AM,486.8,5206,2534280.8000000003,1065468557.1999996
09:22:24 AM,486.65,1443,702235.95,1066170793.1499996
09:22:24 AM,486.6,0,0.0,1066170793.1499996
09:22:25 AM,486.85,6032,2936679.2,1069107472.3499997
09:22:25 AM,486.75,170,82747.5,1069190219.8499997
09:22:25 AM,486.9,0,0.0,1069190219.8499997
09:22:26 AM,486.85,785,382177.25,1069572397.0999997
09:22:26 AM,486.9,294,143148.6,1069715545.6999997
09:22:26 AM,486.75,0,0.0,1069715545.6999997
09:22:26 AM,486.9,0,0.0,1069715545.6999997
09:22:27 AM,486.75,1655,805571.25,1070521116.9499997
09:22:27 AM,486.9,709,345212.1,1070866329.0499997
09:22:27 AM,486.75,0,0.0,1070866329.0499997
09:22:27 AM,486.8,0,0.0,1070866329.0499997
09:22:28 AM,486.6,2193,1067113.8,1071933442.8499997
09:22:28 AM,486.85,660,321321.0,1072254763.8499997
09:22:28 AM,486.75,0,0.0,1072254763.8499997
09:22:29 AM,486.75,1195,581666.25,1072836430.0999997
09:22:29 AM,486.6,2354,1145456.4000000001,1073981886.4999998
09:22:29 AM,486.55,0,0.0,1073981886.4999998
09:22:29 AM,486.45,0,0.0,1073981886.4999998
09:22:30 AM,486.35,2606,1267428.1,1075249314.5999997
09:22:30 AM,486.6,744,362030.4,1075611344.9999998
09:22:30 AM,486.65,0,0.0,1075611344.9999998
09:22:31 AM,486.65,300,145995.0,1075757339.9999998
09:22:31 AM,486.75,406,197620.5,1075954960.4999998
09:22:31 AM,486.65,0,0.0,1075954960.4999998
09:22:31 AM,486.6,0,0.0,1075954960.4999998
09:22:32 AM,486.5,608,295792.0,1076250752.4999998
09:22:32 AM,486.7,774,376705.8,1076627458.2999997
09:22:32 AM,486.6,0,0.0,1076627458.2999997
09:22:33 AM,486.35,1162,565138.7000000001,1077192596.9999998
09:22:33 AM,486.55,351,170779.05000000002,1077363376.0499997
09:22:33 AM,486.45,0,0.0,1077363376.0499997
09:22:33 AM,486.55,0,0.0,1077363376.0499997
09:22:34 AM,486.55,704,342531.2,1077705907.2499998
09:22:34 AM,486.6,413,200965.80000000002,1077906873.0499997
09:22:34 AM,486.4,0,0.0,1077906873.0499997
09:22:35 AM,486.6,1726,839871.6000000001,1078746744.6499996
09:22:35 AM,486.6,4653,2264149.8000000003,1081010894.4499996
09:22:35 AM,486.6,1,486.6,1081011381.0499995
09:22:35 AM,486.55,17,8271.35,1081019652.3999994
09:22:35 AM,486.6,0,0.0,1081019652.3999994
09:22:36 AM,486.65,1067,519255.55,1081538907.9499993
09:22:36 AM,486.4,1303,633779.2,1082172687.1499994
09:22:36 AM,486.65,0,0.0,1082172687.1499994
09:22:37 AM,486.6,0,0.0,1082172687.1499994
09:22:37 AM,486.4,1264,614809.6,1082787496.7499993
09:22:37 AM,486.65,412,200499.8,1082987996.5499992
09:22:38 AM,486.4,0,0.0,1082987996.5499992
09:22:38 AM,486.65,1570,764040.5,1083752037.0499992
09:22:38 AM,486.6,1874,911888.4,1084663925.4499993
09:22:38 AM,486.65,0,0.0,1084663925.4499993
09:22:39 AM,486.4,0,0.0,1084663925.4499993
09:22:39 AM,486.65,2489,1211271.8499999999,1085875197.2999992
09:22:39 AM,486.65,41,19952.649999999998,1085895149.9499993
09:22:40 AM,486.3,0,0.0,1085895149.9499993
09:22:40 AM,486.4,7855,3820672.0,1089715821.9499993
09:22:40 AM,486.35,2,972.7,1089716794.6499994
09:22:40 AM,486.6,0,0.0,1089716794.6499994
09:22:41 AM,486.45,0,0.0,1089716794.6499994
09:22:41 AM,486.4,2195,1067648.0,1090784442.6499994
09:22:41 AM,486.2,0,0.0,1090784442.6499994
09:22:42 AM,486.15,0,0.0,1090784442.6499994
09:22:42 AM,486.0,4280,2080080.0,1092864522.6499994
09:22:42 AM,486.25,927,450753.75,1093315276.3999994
09:22:42 AM,486.0,0,0.0,1093315276.3999994
09:22:43 AM,486.05,0,0.0,1093315276.3999994
09:22:43 AM,486.25,4523,2199308.75,1095514585.1499994
09:22:43 AM,486.2,297,144401.4,1095658986.5499995
09:22:44 AM,486.35,0,0.0,1095658986.5499995
09:22:44 AM,486.3,2407,1170524.1,1096829510.6499994
09:22:44 AM,486.3,60,29178.0,1096858688.6499994
09:22:45 AM,486.3,5818,2829293.4,1099687982.0499995
09:22:45 AM,486.25,2,972.5,1099688954.5499995
09:22:46 AM,486.15,0,0.0,1099688954.5499995
09:22:46 AM,486.4,3829,1862425.5999999999,1101551380.1499994
09:22:46 AM,486.35,206,100188.1,1101651568.2499993
09:22:46 AM,486.4,0,0.0,1101651568.2499993
09:22:47 AM,486.5,0,0.0,1101651568.2499993
09:22:47 AM,486.35,9627,4682091.45,1106333659.6999993
09:22:47 AM,486.4,1605,780672.0,1107114331.6999993
09:22:48 AM,486.2,0,0.0,1107114331.6999993
09:22:48 AM,486.35,2743,1334058.05,1108448389.7499993
09:22:48 AM,486.25,2407,1170403.75,1109618793.4999993
09:22:48 AM,486.4,0,0.0,1109618793.4999993
09:22:49 AM,486.15,0,0.0,1109618793.4999993
09:22:49 AM,486.4,3105,1510272.0,1111129065.4999993
09:22:49 AM,486.4,100,48640.0,1111177705.4999993
09:22:49 AM,486.45,0,0.0,1111177705.4999993
09:22:50 AM,486.2,0,0.0,1111177705.4999993
09:22:50 AM,486.4,926,450406.39999999997,1111628111.8999994
09:22:50 AM,486.4,9,4377.599999999999,1111632489.4999993
09:22:51 AM,486.45,0,0.0,1111632489.4999993
09:22:51 AM,486.25,2186,1062942.5,1112695431.9999993
09:22:51 AM,486.45,107,52050.15,1112747482.1499994
09:22:52 AM,486.4,0,0.0,1112747482.1499994
09:22:52 AM,486.4,659,320537.6,1113068019.7499993
09:22:53 AM,486.2,663,322350.6,1113390370.3499992
09:22:54 AM,486.25,0,0.0,1113390370.3499992
09:22:54 AM,486.45,1388,675192.6,1114065562.949999
09:22:54 AM,486.4,315,153216.0,1114218778.949999
09:22:55 AM,486.5,0,0.0,1114218778.949999
09:22:55 AM,486.5,1992,969108.0,1115187886.949999
09:22:56 AM,486.4,0,0.0,1115187886.949999
09:22:56 AM,486.4,1451,705766.4,1115893653.3499992
09:22:56 AM,486.4,2,972.8,1115894626.1499991
09:22:57 AM,486.4,1271,618214.4,1116512840.5499992
09:22:57 AM,486.4,262,127436.79999999999,1116640277.3499992
09:22:58 AM,486.3,0,0.0,1116640277.3499992
09:22:58 AM,486.3,6004,2919745.2,1119560022.5499992
09:22:58 AM,486.25,0,0.0,1119560022.5499992
09:22:58 AM,486.25,6,2917.5,1119562940.0499992
09:22:59 AM,486.3,0,0.0,1119562940.0499992
09:22:59 AM,486.1,2355,1144765.5,1120707705.5499992
09:22:59 AM,486.05,0,0.0,1120707705.5499992
09:22:59 AM,486.05,200,97210.0,1120804915.5499992
09:23:00 AM,486.3,0,0.0,1120804915.5499992
09:23:00 AM,486.3,687,334088.10000000003,1121139003.6499991
09:23:00 AM,486.3,66,32095.8,1121171099.449999
09:23:01 AM,486.05,0,0.0,1121171099.449999
09:23:01 AM,486.0,7440,3615840.0,1124786939.449999
09:23:01 AM,485.95,0,0.0,1124786939.449999
09:23:01 AM,485.95,7052,3426919.4,1128213858.8499992
09:23:02 AM,485.65,0,0.0,1128213858.8499992
09:23:02 AM,485.65,3507,1703174.5499999998,1129917033.3999991
09:23:03 AM,485.75,0,0.0,1129917033.3999991
09:23:03 AM,486.0,0,0.0,1129917033.3999991
09:23:03 AM,486.0,10122,4919292.0,1134836325.3999991
09:23:04 AM,485.75,0,0.0,1134836325.3999991
09:23:04 AM,486.0,0,0.0,1134836325.3999991
09:23:04 AM,486.0,2753,1337958.0,1136174283.3999991
09:23:04 AM,486.0,258,125388.0,1136299671.3999991
09:23:05 AM,486.05,0,0.0,1136299671.3999991
09:23:05 AM,485.75,0,0.0,1136299671.3999991
09:23:05 AM,485.75,2836,1377587.0,1137677258.3999991
09:23:05 AM,485.95,465,225966.75,1137903225.1499991
09:23:06 AM,485.75,0,0.0,1137903225.1499991
09:23:06 AM,485.5,0,0.0,1137903225.1499991
09:23:06 AM,485.5,8307,4033048.5,1141936273.6499991
09:23:06 AM,485.9,596,289596.39999999997,1142225870.0499992
09:23:07 AM,485.95,0,0.0,1142225870.0499992
09:23:07 AM,485.65,0,0.0,1142225870.0499992
09:23:07 AM,485.65,1442,700307.2999999999,1142926177.3499992
09:23:07 AM,485.65,1040,505076.0,1143431253.3499992
09:23:08 AM,485.75,0,0.0,1143431253.3499992
09:23:08 AM,485.85,0,0.0,1143431253.3499992
09:23:08 AM,485.85,558,271104.3,1143702357.6499991
09:23:08 AM,485.85,240,116604.0,1143818961.6499991
09:23:09 AM,485.7,0,0.0,1143818961.6499991
09:23:09 AM,485.9,0,0.0,1143818961.6499991
09:23:09 AM,485.9,4479,2176346.1,1145995307.749999
09:23:09 AM,485.9,12,5830.799999999999,1146001138.549999
09:23:10 AM,485.9,2325,1129717.5,1147130856.049999
09:23:11 AM,485.85,32,15547.2,1147146403.249999
09:23:11 AM,486.0,0,0.0,1147146403.249999
09:23:11 AM,485.8,0,0.0,1147146403.249999
09:23:12 AM,486.0,1529,743094.0,1147889497.249999
09:23:12 AM,486.0,849,412614.0,1148302111.249999
09:23:13 AM,485.85,1059,514515.15,1148816626.3999991
09:23:13 AM,486.0,101,49086.0,1148865712.3999991
09:23:13 AM,485.9,0,0.0,1148865712.3999991
09:23:14 AM,486.0,401,194886.0,1149060598.3999991
09:23:14 AM,485.95,552,268244.39999999997,1149328842.7999992
09:23:14 AM,485.75,0,0.0,1149328842.7999992
09:23:15 AM,486.25,18934,9206657.5,1158535500.2999992
09:23:15 AM,486.05,677,329055.85000000003,1158864556.1499991
09:23:16 AM,486.05,1156,561873.8,1159426429.949999
09:23:16 AM,486.05,625,303781.25,1159730211.199999
09:23:16 AM,486.3,0,0.0,1159730211.199999
09:23:17 AM,486.05,2994,1455233.7,1161185444.8999991
09:23:17 AM,486.1,1560,758316.0,1161943760.8999991
09:23:18 AM,486.05,3546,1723533.3,1163667294.199999
09:23:18 AM,486.3,521,253362.30000000002,1163920656.499999
09:23:18 AM,486.35,0,0.0,1163920656.499999
09:23:18 AM,486.3,0,0.0,1163920656.499999
09:23:19 AM,486.45,6416,3121063.1999999997,1167041719.699999
09:23:19 AM,486.35,1155,561734.25,1167603453.949999
09:23:20 AM,486.45,693,337109.85,1167940563.799999
09:23:20 AM,486.2,733,356384.6,1168296948.399999
09:23:20 AM,486.25,0,0.0,1168296948.399999
09:23:21 AM,486.1,594,288743.4,1168585691.799999
09:23:21 AM,486.35,1268,616691.8,1169202383.599999
09:23:21 AM,486.1,0,0.0,1169202383.599999
09:23:22 AM,485.95,937,455335.14999999997,1169657718.749999
09:23:22 AM,485.95,382,185632.9,1169843351.6499991
09:23:22 AM,486.2,0,0.0,1169843351.6499991
09:23:23 AM,486.15,417,202724.55,1170046076.199999
09:23:23 AM,486.25,582,282997.5,1170329073.699999
09:23:24 AM,486.2,1091,530444.2,1170859517.8999991
09:23:24 AM,486.2,1617,786185.4,1171645703.2999992
09:23:25 AM,485.95,1029,500042.55,1172145745.8499992
09:23:25 AM,485.9,642,311947.8,1172457693.6499991
09:23:25 AM,486.1,0,0.0,1172457693.6499991
09:23:26 AM,485.9,2624,1275001.5999999999,1173732695.249999
09:23:26 AM,486.15,562,273216.3,1174005911.549999
09:23:26 AM,485.95,0,0.0,1174005911.549999
09:23:27 AM,485.95,1564,760025.7999999999,1174765937.349999
09:23:27 AM,485.9,368,178811.19999999998,1174944748.549999
09:23:27 AM,486.0,0,0.0,1174944748.549999
09:23:28 AM,486.1,1731,841439.1000000001,1175786187.649999
09:23:28 AM,485.8,1231,598019.8,1176384207.4499989
09:23:28 AM,486.0,0,0.0,1176384207.4499989
09:23:29 AM,486.0,560,272160.0,1176656367.4499989
09:23:29 AM,486.0,269,130734.0,1176787101.4499989
09:23:30 AM,486.0,526,255636.0,1177042737.4499989
09:23:30 AM,485.95,898,436383.1,1177479120.5499988
09:23:30 AM,485.8,0,0.0,1177479120.5499988
09:23:31 AM,485.8,1624,788939.2000000001,1178268059.7499988
09:23:31 AM,486.0,1655,804330.0,1179072389.7499988
09:23:32 AM,485.9,551,267730.89999999997,1179340120.649999
09:23:32 AM,486.0,340,165240.0,1179505360.649999
09:23:32 AM,485.8,0,0.0,1179505360.649999
09:23:33 AM,485.75,2401,1166285.75,1180671646.399999
09:23:33 AM,485.8,1765,857437.0,1181529083.399999
09:23:33 AM,485.6,0,0.0,1181529083.399999
09:23:34 AM,485.85,758,368274.3,1181897357.6999989
09:23:34 AM,485.75,1202,583871.5,1182481229.1999989
09:23:34 AM,485.7,0,0.0,1182481229.1999989
09:23:35 AM,485.45,3565,1730629.25,1184211858.4499989
09:23:35 AM,485.65,0,0.0,1184211858.4499989
09:23:35 AM,485.65,272,132096.8,1184343955.2499988
09:23:35 AM,485.7,0,0.0,1184343955.2499988
09:23:36 AM,485.6,865,420044.0,1184763999.2499988
09:23:36 AM,485.7,0,0.0,1184763999.2499988
09:23:36 AM,485.7,614,298219.8,1185062219.0499988
09:23:36 AM,485.6,0,0.0,1185062219.0499988
09:23:37 AM,485.9,6380,3100042.0,1188162261.0499988
09:23:37 AM,486.0,0,0.0,1188162261.0499988
09:23:37 AM,486.0,1703,827658.0,1188989919.0499988
09:23:37 AM,485.9,0,0.0,1188989919.0499988
09:23:38 AM,485.9,624,303201.6,1189293120.6499987
09:23:38 AM,485.7,0,0.0,1189293120.6499987
09:23:38 AM,485.8,2700,1311660.0,1190604780.6499987
09:23:38 AM,485.9,0,0.0,1190604780.6499987
09:23:39 AM,485.9,2927,1422229.3,1192027009.9499986
09:23:39 AM,485.9,561,272589.89999999997,1192299599.8499987
09:23:39 AM,486.05,0,0.0,1192299599.8499987
09:23:40 AM,486.2,17099,8313533.8,1200613133.6499987
09:23:40 AM,486.0,0,0.0,1200613133.6499987
09:23:40 AM,486.0,1001,486486.0,1201099619.6499987
09:23:40 AM,486.15,0,0.0,1201099619.6499987
09:23:41 AM,486.3,5452,2651307.6,1203750927.2499986
09:23:41 AM,486.2,0,0.0,1203750927.2499986
09:23:41 AM,486.2,1822,885856.4,1204636783.6499987
09:23:42 AM,486.25,1418,689502.5,1205326286.1499987
09:23:42 AM,486.3,0,0.0,1205326286.1499987
09:23:42 AM,486.3,736,357916.8,1205684202.9499986
09:23:43 AM,486.35,1344,653654.4,1206337857.3499987
09:23:43 AM,486.3,0,0.0,1206337857.3499987
09:23:43 AM,486.3,152,73917.6,1206411774.9499986
09:23:44 AM,486.35,3796,1846184.6,1208257959.5499985
09:23:44 AM,486.35,662,321963.7,1208579923.2499986
09:23:44 AM,486.25,200,97250.0,1208677173.2499986
09:23:45 AM,486.4,461,224230.4,1208901403.6499987
09:23:45 AM,486.45,238,115775.09999999999,1209017178.7499986
09:23:45 AM,486.5,0,0.0,1209017178.7499986
09:23:46 AM,486.5,713,346874.5,1209364053.2499986
09:23:46 AM,486.5,3905,1899782.5,1211263835.7499986
09:23:46 AM,486.3,0,0.0,1211263835.7499986
09:23:47 AM,486.5,227,110435.5,1211374271.2499986
09:23:47 AM,486.35,708,344335.8,1211718607.0499985
09:23:47 AM,486.5,0,0.0,1211718607.0499985
09:23:48 AM,486.4,893,434355.19999999995,1212152962.2499986
09:23:48 AM,486.5,0,0.0,1212152962.2499986
09:23:48 AM,486.5,392,190708.0,1212343670.2499986
09:23:49 AM,486.55,1291,628136.05,1212971806.2999985
09:23:49 AM,486.35,318,154659.30000000002,1213126465.5999985
09:23:50 AM,486.5,3435,1671127.5,1214797593.0999985
09:23:50 AM,486.6,0,0.0,1214797593.0999985
09:23:50 AM,486.6,148,72016.8,1214869609.8999984
09:23:51 AM,486.5,1811,881051.5,1215750661.3999984
09:23:51 AM,486.6,491,238920.6,1215989581.9999983
09:23:51 AM,486.55,0,0.0,1215989581.9999983
09:23:52 AM,486.6,1123,546451.8,1216536033.7999983
09:23:52 AM,486.5,492,239358.0,1216775391.7999983
09:23:53 AM,486.5,639,310873.5,1217086265.2999983
09:23:53 AM,486.65,0,0.0,1217086265.2999983
09:23:53 AM,486.65,466,226778.9,1217313044.1999984
09:23:54 AM,486.6,1721,837438.6000000001,1218150482.7999983
09:23:54 AM,486.65,0,0.0,1218150482.7999983
09:23:54 AM,486.7,1659,807435.2999999999,1218957918.0999982
09:23:54 AM,486.65,0,0.0,1218957918.0999982
09:23:55 AM,486.7,441,214634.69999999998,1219172552.7999983
09:23:55 AM,486.75,429,208815.75,1219381368.5499983
09:23:56 AM,486.75,949,461925.75,1219843294.2999983
09:23:56 AM,486.7,346,168398.19999999998,1220011692.4999983
09:23:57 AM,486.75,76,36993.0,1220048685.4999983
09:23:57 AM,486.7,0,0.0,1220048685.4999983
09:23:57 AM,486.6,94,45740.4,1220094425.8999984
09:23:58 AM,486.5,452,219898.0,1220314323.8999984
09:23:58 AM,486.45,0,0.0,1220314323.8999984
09:23:58 AM,486.5,531,258331.5,1220572655.3999984
09:23:59 AM,486.45,726,353162.7,1220925818.0999985
09:23:59 AM,486.5,0,0.0,1220925818.0999985
09:23:59 AM,486.5,29,14108.5,1220939926.5999985
09:24:00 AM,486.5,1625,790562.5,1221730489.0999985
09:24:00 AM,486.5,737,358550.5,1222089039.5999985
09:24:01 AM,486.65,1872,911008.7999999999,1223000048.3999984
09:24:01 AM,486.7,0,0.0,1223000048.3999984
09:24:01 AM,486.7,178,86632.59999999999,1223086680.9999983
09:24:01 AM,486.75,0,0.0,1223086680.9999983
09:24:02 AM,486.75,560,272580.0,1223359260.9999983
09:24:02 AM,486.75,419,203948.25,1223563209.2499983
09:24:02 AM,486.8,0,0.0,1223563209.2499983
09:24:03 AM,486.7,1281,623462.7,1224186671.9499984
09:24:03 AM,486.75,983,478475.25,1224665147.1999984
09:24:04 AM,486.7,694,337769.8,1225002916.9999983
09:24:04 AM,486.75,267,129962.25,1225132879.2499983
09:24:05 AM,486.45,568,276303.6,1225409182.8499982
09:24:05 AM,486.5,0,0.0,1225409182.8499982
09:24:05 AM,486.65,0,0.0,1225409182.8499982
09:24:06 AM,486.65,1209,588359.85,1225997542.6999981
09:24:06 AM,486.65,290,141128.5,1226138671.1999981
09:24:07 AM,486.65,275,133828.75,1226272499.9499981
09:24:07 AM,486.5,2670,1298955.0,1227571454.9499981
09:24:07 AM,486.65,0,0.0,1227571454.9499981
09:24:08 AM,486.65,467,227265.55,1227798720.499998
09:24:08 AM,486.65,3819,1858516.3499999999,1229657236.849998
09:24:09 AM,486.5,693,337144.5,1229994381.349998
09:24:09 AM,486.45,0,0.0,1229994381.349998
09:24:09 AM,486.7,500,243350.0,1230237731.349998
09:24:09 AM,486.75,0,0.0,1230237731.349998
09:24:10 AM,486.5,729,354658.5,1230592389.849998
09:24:10 AM,486.75,0,0.0,1230592389.849998
09:24:10 AM,486.6,1081,526014.6,1231118404.449998
09:24:10 AM,486.75,0,0.0,1231118404.449998
09:24:11 AM,486.75,143,69605.25,1231188009.699998
09:24:11 AM,486.75,194,94429.5,1231282439.199998
09:24:11 AM,486.75,401,195186.75,1231477625.949998
09:24:12 AM,486.6,0,0.0,1231477625.949998
09:24:12 AM,486.75,642,312493.5,1231790119.449998
09:24:12 AM,486.75,177,86154.75,1231876274.199998
09:24:13 AM,486.45,0,0.0,1231876274.199998
09:24:13 AM,486.7,1464,712528.7999999999,1232588802.9999979
09:24:13 AM,486.7,246,119728.2,1232708531.199998
09:24:14 AM,486.7,769,374272.3,1233082803.4999979
09:24:14 AM,486.7,152,73978.4,1233156781.899998
09:24:15 AM,486.7,567,275958.89999999997,1233432740.799998
09:24:15 AM,486.7,109,53050.299999999996,1233485791.099998
09:24:16 AM,486.65,0,0.0,1233485791.099998
09:24:16 AM,486.65,573,278850.45,1233764641.549998
09:24:16 AM,486.65,103,50124.95,1233814766.499998
09:24:17 AM,486.35,0,0.0,1233814766.499998
09:24:17 AM,486.55,2349,1142905.95,1234957672.4499981
09:24:18 AM,486.55,1394,678250.7000000001,1235635923.1499982
09:24:18 AM,486.55,652,317230.60000000003,1235953153.749998
09:24:18 AM,486.6,0,0.0,1235953153.749998
09:24:19 AM,486.5,463,225249.5,1236178403.249998
09:24:19 AM,486.3,0,0.0,1236178403.249998
09:24:19 AM,486.4,682,331724.8,1236510128.049998
09:24:20 AM,486.4,172,83660.8,1236593788.849998
09:24:20 AM,486.5,0,0.0,1236593788.849998
09:24:20 AM,486.5,4248,2066652.0,1238660440.849998
09:24:21 AM,486.5,763,371199.5,1239031640.349998
09:24:21 AM,486.5,678,329847.0,1239361487.349998
09:24:22 AM,486.5,327,159085.5,1239520572.849998
09:24:22 AM,486.3,0,0.0,1239520572.849998
09:24:22 AM,486.3,667,324362.10000000003,1239844934.949998
09:24:22 AM,486.45,0,0.0,1239844934.949998
09:24:23 AM,486.5,2151,1046461.5,1240891396.449998
09:24:23 AM,486.6,7695,3744387.0,1244635783.449998
09:24:23 AM,486.55,0,0.0,1244635783.449998
09:24:24 AM,486.6,1717,835492.2000000001,1245471275.649998
09:24:24 AM,486.5,0,0.0,1245471275.649998
09:24:24 AM,486.5,3840,1868160.0,1247339435.649998
09:24:25 AM,486.5,839,408173.5,1247747609.149998
09:24:25 AM,486.5,125,60812.5,1247808421.649998
09:24:26 AM,486.4,722,351180.8,1248159602.449998
09:24:26 AM,486.4,8,3891.2,1248163493.649998
09:24:27 AM,486.4,206,100198.4,1248263692.049998
09:24:27 AM,486.55,32,15569.6,1248279261.649998
09:24:27 AM,486.3,0,0.0,1248279261.649998
09:24:27 AM,486.2,0,0.0,1248279261.649998
09:24:28 AM,486.2,1757,854253.4,1249133515.049998
09:24:28 AM,486.2,268,130301.59999999999,1249263816.649998
09:24:29 AM,486.1,1013,492419.30000000005,1249756235.949998
09:24:29 AM,486.1,246,119580.6,1249875816.5499978
09:24:29 AM,486.2,0,0.0,1249875816.5499978
09:24:30 AM,486.2,202,98212.4,1249974028.949998
09:24:30 AM,486.05,334,162340.7,1250136369.649998
09:24:30 AM,486.1,0,0.0,1250136369.649998
09:24:30 AM,486.2,0,0.0,1250136369.649998
09:24:31 AM,486.2,1873,910652.6,1251047022.2499979
09:24:31 AM,486.1,1,486.1,1251047508.3499978
09:24:31 AM,486.05,0,0.0,1251047508.3499978
09:24:31 AM,486.2,0,0.0,1251047508.3499978
09:24:32 AM,486.2,1062,516344.39999999997,1251563852.7499979
09:24:32 AM,486.2,7,3403.4,1251567256.149998
09:24:32 AM,486.0,0,0.0,1251567256.149998
09:24:32 AM,486.2,0,0.0,1251567256.149998
09:24:33 AM,486.0,824,400464.0,1251967720.149998
09:24:33 AM,486.0,540,262440.0,1252230160.149998
09:24:33 AM,486.2,0,0.0,1252230160.149998
09:24:34 AM,486.2,1839,894121.7999999999,1253124281.949998
09:24:34 AM,486.2,50,24310.0,1253148591.949998
09:24:34 AM,486.0,0,0.0,1253148591.949998
09:24:34 AM,486.15,0,0.0,1253148591.949998
09:24:35 AM,486.0,1375,668250.0,1253816841.949998
09:24:35 AM,486.2,0,0.0,1253816841.949998
09:24:36 AM,486.2,2351,1143056.2,1254959898.149998
09:24:36 AM,486.0,1077,523422.0,1255483320.149998
09:24:36 AM,486.05,0,0.0,1255483320.149998
09:24:36 AM,486.2,0,0.0,1255483320.149998
09:24:37 AM,486.25,1242,603922.5,1256087242.649998
09:24:37 AM,486.3,178,86561.40000000001,1256173804.049998
09:24:37 AM,486.25,0,0.0,1256173804.049998
09:24:38 AM,486.35,531,258251.85,1256432055.899998
09:24:38 AM,486.15,611,297037.64999999997,1256729093.549998
09:24:38 AM,486.3,0,0.0,1256729093.549998
09:24:39 AM,486.3,562,273300.60000000003,1257002394.149998
09:24:39 AM,486.2,2,972.4,1257003366.549998
09:24:39 AM,486.3,0,0.0,1257003366.549998
09:24:40 AM,486.3,339,164855.7,1257168222.249998
09:24:40 AM,486.3,15,7294.5,1257175516.749998
09:24:40 AM,486.4,0,0.0,1257175516.749998
09:24:40 AM,486.35,0,0.0,1257175516.749998
09:24:41 AM,486.3,4657,2264699.1,1259440215.849998
09:24:41 AM,486.25,60,29175.0,1259469390.849998
09:24:41 AM,486.4,0,0.0,1259469390.849998
09:24:42 AM,486.4,1438,699443.2,1260168834.049998
09:24:42 AM,486.25,20,9725.0,1260178559.049998
09:24:42 AM,486.4,0,0.0,1260178559.049998
09:24:43 AM,486.35,5412,2632126.2,1262810685.249998
09:24:43 AM,486.3,1,486.3,1262811171.549998
09:24:43 AM,486.45,0,0.0,1262811171.549998
09:24:44 AM,486.45,8250,4013212.5,1266824384.049998
09:24:44 AM,486.5,0,0.0,1266824384.049998
09:24:44 AM,486.5,1000,486500.0,1267310884.049998
09:24:44 AM,486.35,0,0.0,1267310884.049998
09:24:45 AM,486.5,8986,4371689.0,1271682573.049998
09:24:45 AM,486.7,0,0.0,1271682573.049998
09:24:45 AM,486.7,3006,1463020.2,1273145593.249998
09:24:46 AM,486.55,1545,751719.75,1273897312.999998
09:24:46 AM,486.55,13,6325.150000000001,1273903638.1499982
09:24:46 AM,486.65,0,0.0,1273903638.1499982
09:24:47 AM,486.85,2236,1088596.6,1274992234.749998
09:24:47 AM,486.65,0,0.0,1274992234.749998
09:24:47 AM,486.65,100,48665.0,1275040899.749998
09:24:48 AM,486.75,673,327582.75,1275368482.499998
09:24:48 AM,486.65,0,0.0,1275368482.499998
09:24:48 AM,486.85,1169,569127.65,1275937610.1499982
09:24:48 AM,486.9,0,0.0,1275937610.1499982
09:24:49 AM,486.7,671,326575.7,1276264185.8499982
09:24:49 AM,486.75,0,0.0,1276264185.8499982
09:24:49 AM,486.75,101,49161.75,1276313347.5999982
09:24:49 AM,486.9,0,0.0,1276313347.5999982
09:24:50 AM,486.9,2838,1381822.2,1277695169.7999983
09:24:50 AM,487.2,0,0.0,1277695169.7999983
09:24:50 AM,487.2,24264,11821420.799999999,1289516590.5999982
09:24:50 AM,487.05,0,0.0,1289516590.5999982
09:24:51 AM,487.05,845,411557.25,1289928147.8499982
09:24:51 AM,487.2,464,226060.8,1290154208.6499982
09:24:52 AM,487.2,1831,892063.2,1291046271.8499982
09:24:52 AM,487.25,0,0.0,1291046271.8499982
09:24:52 AM,487.25,1095,533538.75,1291579810.5999982
09:24:52 AM,487.2,0,0.0,1291579810.5999982
09:24:53 AM,487.05,2556,1244899.8,1292824710.3999982
09:24:53 AM,487.05,200,97410.0,1292922120.3999982
09:24:53 AM,487.3,0,0.0,1292922120.3999982
09:24:54 AM,487.15,1035,504200.25,1293426320.6499982
09:24:54 AM,487.15,120,58458.0,1293484778.6499982
09:24:55 AM,487.0,2114,1029518.0,1294514296.6499982
09:24:55 AM,487.0,250,121750.0,1294636046.6499982
09:24:55 AM,486.9,0,0.0,1294636046.6499982
09:24:56 AM,487.05,2992,1457253.6,1296093300.249998
09:24:56 AM,486.85,25,12171.25,1296105471.499998
09:24:56 AM,487.1,0,0.0,1296105471.499998
09:24:57 AM,486.85,834,406032.9,1296511504.3999982
09:24:57 AM,486.95,0,0.0,1296511504.3999982
09:24:57 AM,486.95,785,382255.75,1296893760.1499982
09:24:58 AM,486.95,472,229840.4,1297123600.5499983
09:24:58 AM,486.85,141,68645.85,1297192246.3999982
09:24:58 AM,487.0,0,0.0,1297192246.3999982
09:24:58 AM,486.95,0,0.0,1297192246.3999982
09:24:59 AM,486.95,1161,565348.95,1297757595.3499982
09:24:59 AM,486.85,0,0.0,1297757595.3499982
09:24:59 AM,486.95,2329,1134106.55,1298891701.8999982
09:24:59 AM,486.85,0,0.0,1298891701.8999982
09:25:00 AM,486.85,686,333979.10000000003,1299225680.999998
09:25:00 AM,487.15,0,0.0,1299225680.999998
09:25:00 AM,487.05,2719,1324288.95,1300549969.9499981
09:25:00 AM,487.25,0,0.0,1300549969.9499981
09:25:01 AM,487.25,807,393210.75,1300943180.6999981
09:25:01 AM,487.3,0,0.0,1300943180.6999981
09:25:01 AM,487.25,1874,913106.5,1301856287.1999981
09:25:01 AM,487.3,1,487.3,1301856774.499998
09:25:02 AM,487.3,475,231467.5,1302088241.999998
09:25:02 AM,487.15,0,0.0,1302088241.999998
09:25:02 AM,487.3,1483,722665.9,1302810907.8999982
09:25:03 AM,487.3,94,45806.200000000004,1302856714.0999982
09:25:04 AM,487.3,459,223670.7,1303080384.7999983
09:25:04 AM,487.35,49,23880.15,1303104264.9499984
09:25:04 AM,487.3,0,0.0,1303104264.9499984
09:25:05 AM,487.4,1261,614611.4,1303718876.3499985
09:25:05 AM,487.4,63,30706.199999999997,1303749582.5499985
09:25:05 AM,487.2,0,0.0,1303749582.5499985
09:25:05 AM,487.4,0,0.0,1303749582.5499985
09:25:06 AM,487.25,1448,705538.0,1304455120.5499985
09:25:06 AM,487.4,596,290490.39999999997,1304745610.9499986
09:25:06 AM,487.25,0,0.0,1304745610.9499986
09:25:07 AM,487.7,12839,6261580.3,1311007191.2499986
09:25:07 AM,487.85,2328,1135714.8,1312142906.0499985
09:25:07 AM,487.9,0,0.0,1312142906.0499985
09:25:08 AM,487.75,1182,576520.5,1312719426.5499985
09:25:08 AM,487.85,4749,2316799.65,1315036226.1999986
09:25:08 AM,488.4,0,0.0,1315036226.1999986
09:25:09 AM,488.3,34762,16974284.6,1332010510.7999985
09:25:09 AM,488.1,8161,3983384.1,1335993894.8999984
09:25:09 AM,488.0,0,0.0,1335993894.8999984
09:25:10 AM,488.25,2559,1249431.75,1337243326.6499984
09:25:10 AM,488.35,0,0.0,1337243326.6499984
09:25:10 AM,488.35,181,88391.35,1337331717.9999983
09:25:10 AM,488.1,0,0.0,1337331717.9999983
09:25:11 AM,487.95,9686,4726283.7,1342058001.6999984
09:25:11 AM,488.1,0,0.0,1342058001.6999984
09:25:11 AM,488.15,1877,916257.5499999999,1342974259.2499983
09:25:12 AM,488.05,2257,1101528.85,1344075788.0999982
09:25:12 AM,488.05,1606,783808.3,1344859596.3999982
09:25:13 AM,488.3,482,235360.6,1345094956.999998
09:25:13 AM,488.25,0,0.0,1345094956.999998
09:25:13 AM,488.35,2159,1054347.6500000001,1346149304.6499982
09:25:13 AM,488.35,275,134296.25,1346283600.8999982
09:25:14 AM,488.2,2639,1288359.8,1347571960.6999981
09:25:14 AM,488.35,0,0.0,1347571960.6999981
09:25:15 AM,488.2,2690,1313258.0,1348885218.6999981
09:25:15 AM,488.35,806,393610.10000000003,1349278828.799998
09:25:15 AM,488.4,0,0.0,1349278828.799998
09:25:15 AM,488.25,0,0.0,1349278828.799998
09:25:16 AM,488.5,1205,588642.5,1349867471.299998
09:25:16 AM,488.45,7147,3490952.15,1353358423.4499981
09:25:16 AM,488.5,0,0.0,1353358423.4499981
09:25:17 AM,488.45,3206,1565970.7,1354924394.1499982
09:25:17 AM,488.25,774,377905.5,1355302299.6499982
09:25:17 AM,488.15,0,0.0,1355302299.6499982
09:25:17 AM,488.35,0,0.0,1355302299.6499982
09:25:18 AM,488.25,1961,957458.25,1356259757.8999982
09:25:18 AM,488.35,0,0.0,1356259757.8999982
09:25:18 AM,488.3,1537,750517.1,1357010274.999998
09:25:18 AM,488.5,0,0.0,1357010274.999998
09:25:19 AM,488.5,747,364909.5,1357375184.499998
09:25:19 AM,488.55,380,185649.0,1357560833.499998
09:25:19 AM,488.4,0,0.0,1357560833.499998
09:25:20 AM,488.4,2480,1211232.0,1358772065.499998
09:25:20 AM,488.7,865,422725.5,1359194790.999998
09:25:21 AM,488.7,2321,1134272.7,1360329063.6999981
09:25:21 AM,488.6,5298,2588602.8000000003,1362917666.499998
09:25:21 AM,488.8,0,0.0,1362917666.499998
09:25:22 AM,488.85,1539,752340.15,1363670006.6499982
09:25:22 AM,488.9,2158,1055046.2,1364725052.8499982
09:25:22 AM,489.0,0,0.0,1364725052.8499982
09:25:22 AM,489.0,3764,1840596.0,1366565648.8499982
09:25:23 AM,488.55,6883,3362689.65,1369928338.4999983
09:25:23 AM,488.85,0,0.0,1369928338.4999983
09:25:23 AM,488.75,0,0.0,1369928338.4999983
09:25:24 AM,488.8,22183,10843050.4,1380771388.8999984
09:25:24 AM,488.75,1725,843093.75,1381614482.6499984
09:25:24 AM,488.95,0,0.0,1381614482.6499984
09:25:24 AM,488.85,0,0.0,1381614482.6499984
09:25:25 AM,489.0,5333,2607837.0,1384222319.6499984
09:25:25 AM,488.85,0,0.0,1384222319.6499984
09:25:25 AM,489.0,966,472374.0,1384694693.6499984
09:25:26 AM,488.8,4210,2057848.0,1386752541.6499984
09:25:26 AM,489.0,0,0.0,1386752541.6499984
09:25:26 AM,489.0,1691,826899.0,1387579440.6499984
09:25:27 AM,489.0,1443,705627.0,1388285067.6499984
09:25:27 AM,488.95,2974,1454137.3,1389739204.9499984
09:25:28 AM,489.1,4465,2183831.5,1391923036.4499984
09:25:28 AM,488.9,935,457121.5,1392380157.9499984
09:25:29 AM,489.0,1434,701226.0,1393081383.9499984
09:25:29 AM,488.95,1563,764228.85,1393845612.7999983
09:25:30 AM,488.7,362,176909.4,1394022522.1999984
09:25:30 AM,488.85,0,0.0,1394022522.1999984
09:25:30 AM,489.0,3367,1646463.0,1395668985.1999984
09:25:30 AM,489.0,238,116382.0,1395785367.1999984
09:25:31 AM,489.0,1817,888513.0,1396673880.1999984
09:25:31 AM,488.9,0,0.0,1396673880.1999984
09:25:31 AM,488.75,0,0.0,1396673880.1999984
09:25:32 AM,489.0,2683,1311987.0,1397985867.1999984
09:25:32 AM,489.0,1630,797070.0,1398782937.1999984
09:25:33 AM,489.0,1770,865530.0,1399648467.1999984
09:25:33 AM,489.0,108,52812.0,1399701279.1999984
09:25:33 AM,488.9,0,0.0,1399701279.1999984
09:25:33 AM,489.0,0,0.0,1399701279.1999984
09:25:34 AM,488.8,5254,2568155.2,1402269434.3999984
09:25:34 AM,489.0,0,0.0,1402269434.3999984
09:25:34 AM,489.0,305,149145.0,1402418579.3999984
09:25:35 AM,488.8,0,0.0,1402418579.3999984
09:25:35 AM,488.8,3588,1753814.4000000001,1404172393.7999985
09:25:35 AM,489.0,0,0.0,1404172393.7999985
09:25:35 AM,489.0,2292,1120788.0,1405293181.7999985
09:25:36 AM,488.85,0,0.0,1405293181.7999985
09:25:36 AM,488.85,3993,1951978.05,1407245159.8499985
09:25:36 AM,488.85,414,202383.90000000002,1407447543.7499986
09:25:37 AM,488.75,0,0.0,1407447543.7499986
09:25:37 AM,488.8,4615,2255812.0,1409703355.7499986
09:25:38 AM,488.8,15,7332.0,1409710687.7499986
09:25:38 AM,488.8,544,265907.2,1409976594.9499986
09:25:38 AM,488.9,0,0.0,1409976594.9499986
09:25:38 AM,488.7,0,0.0,1409976594.9499986
09:25:39 AM,488.6,4092,1999351.2000000002,1411975946.1499987
09:25:39 AM,488.75,1073,524428.75,1412500374.8999987
09:25:39 AM,488.85,0,0.0,1412500374.8999987
09:25:40 AM,489.0,32256,15773184.0,1428273558.8999987
09:25:40 AM,489.0,30,14670.0,1428288228.8999987
09:25:40 AM,488.85,0,0.0,1428288228.8999987
09:25:41 AM,488.85,1416,692211.6,1428980440.4999986
09:25:41 AM,488.95,0,0.0,1428980440.4999986
09:25:41 AM,488.95,156,76276.2,1429056716.6999986
09:25:41 AM,488.8,0,0.0,1429056716.6999986
09:25:42 AM,488.85,4014,1962243.9000000001,1431018960.5999987
09:25:42 AM,488.65,0,0.0,1431018960.5999987
09:25:42 AM,488.65,2293,1120474.45,1432139435.0499988
09:25:43 AM,488.75,0,0.0,1432139435.0499988
09:25:43 AM,488.75,4302,2102602.5,1434242037.5499988
09:25:43 AM,488.6,0,0.0,1434242037.5499988
09:25:43 AM,488.6,550,268730.0,1434510767.5499988
09:25:44 AM,488.8,130,63544.0,1434574311.5499988
09:25:44 AM,488.6,1539,751955.4,1435326266.9499989
09:25:44 AM,488.8,0,0.0,1435326266.9499989
09:25:45 AM,488.8,1709,835359.2000000001,1436161626.149999
09:25:45 AM,488.85,113,55240.05,1436216866.1999989
09:25:45 AM,488.75,0,0.0,1436216866.1999989
09:25:46 AM,488.4,1155,564102.0,1436780968.1999989
09:25:46 AM,488.4,2,976.8,1436781944.9999988
09:25:46 AM,488.65,0,0.0,1436781944.9999988
09:25:47 AM,488.45,2355,1150299.75,1437932244.7499988
09:25:47 AM,488.7,42,20525.399999999998,1437952770.149999
09:25:47 AM,488.75,0,0.0,1437952770.149999
09:25:47 AM,488.45,0,0.0,1437952770.149999
09:25:48 AM,488.45,3317,1620188.65,1439572958.799999
09:25:48 AM,488.7,18,8796.6,1439581755.399999
09:25:48 AM,488.8,0,0.0,1439581755.399999
09:25:48 AM,488.5,0,0.0,1439581755.399999
09:25:49 AM,488.8,4605,2250924.0,1441832679.399999
09:25:49 AM,488.6,105,51303.0,1441883982.399999
09:25:49 AM,488.7,0,0.0,1441883982.399999
09:25:49 AM,488.75,0,0.0,1441883982.399999
09:25:50 AM,488.75,2477,1210633.75,1443094616.149999
09:25:50 AM,488.75,365,178393.75,1443273009.899999
09:25:50 AM,488.5,0,0.0,1443273009.899999
09:25:51 AM,488.65,1818,888365.7,1444161375.599999
09:25:51 AM,488.65,15,7329.75,1444168705.349999
09:25:52 AM,488.5,0,0.0,1444168705.349999
09:25:52 AM,488.5,2887,1410299.5,1445579004.849999
09:25:52 AM,488.45,370,180726.5,1445759731.349999
09:25:53 AM,488.5,0,0.0,1445759731.349999
09:25:53 AM,488.5,5463,2668675.5,1448428406.849999
09:25:53 AM,488.5,176,85976.0,1448514382.849999
09:25:54 AM,488.5,51,24913.5,1448539296.349999
09:25:54 AM,488.45,0,0.0,1448539296.349999
09:25:54 AM,488.5,0,0.0,1448539296.349999
09:25:54 AM,488.45,2248,1098035.5999999999,1449637331.9499989
09:25:55 AM,488.45,151,73755.95,1449711087.899999
09:25:55 AM,488.35,0,0.0,1449711087.899999
09:25:55 AM,488.0,0,0.0,1449711087.899999
09:25:56 AM,488.2,8845,4318129.0,1454029216.899999
09:25:56 AM,488.2,10,4882.0,1454034098.899999
09:25:56 AM,488.35,0,0.0,1454034098.899999
09:25:57 AM,488.25,4459,2177106.75,1456211205.649999
09:25:57 AM,488.35,272,132831.2,1456344036.849999
09:25:57 AM,488.15,0,0.0,1456344036.849999
09:25:58 AM,488.15,3843,1875960.45,1458219997.299999
09:25:58 AM,488.45,0,0.0,1458219997.299999
09:25:58 AM,488.2,0,0.0,1458219997.299999
09:25:59 AM,488.5,4296,2098596.0,1460318593.299999
09:25:59 AM,488.45,0,0.0,1460318593.299999
09:25:59 AM,488.2,0,0.0,1460318593.299999
09:26:00 AM,488.25,0,0.0,1460318593.299999
09:26:00 AM,488.2,2337,1140923.4,1461459516.699999
09:26:00 AM,488.45,0,0.0,1461459516.699999
09:26:01 AM,488.45,4,1953.8,1461461470.499999
09:26:01 AM,488.3,0,0.0,1461461470.499999
09:26:01 AM,488.5,0,0.0,1461461470.499999
09:26:02 AM,488.5,937,457724.5,1461919194.999999
09:26:03 AM,488.3,2795,1364798.5,1463283993.499999
09:26:03 AM,488.5,261,127498.5,1463411491.999999
09:26:04 AM,488.5,1052,513902.0,1463925393.999999
09:26:04 AM,488.55,0,0.0,1463925393.999999
09:26:04 AM,488.6,0,0.0,1463925393.999999
09:26:05 AM,488.7,2452,1198292.4,1465123686.3999991
09:26:05 AM,488.8,0,0.0,1465123686.3999991
09:26:05 AM,488.7,0,0.0,1465123686.3999991
09:26:06 AM,488.6,2380,1162868.0,1466286554.3999991
09:26:06 AM,488.75,0,0.0,1466286554.3999991
09:26:06 AM,488.6,0,0.0,1466286554.3999991
09:26:07 AM,488.65,5118,2500910.6999999997,1468787465.0999992
09:26:07 AM,488.8,0,0.0,1468787465.0999992
09:26:07 AM,488.65,150,73297.5,1468860762.5999992
09:26:08 AM,488.65,819,400204.35,1469260966.949999
09:26:08 AM,488.7,0,0.0,1469260966.949999
09:26:08 AM,488.85,606,296243.10000000003,1469557210.049999
09:26:08 AM,488.65,0,0.0,1469557210.049999
09:26:09 AM,488.55,1120,547176.0,1470104386.049999
09:26:10 AM,488.75,1230,601162.5,1470705548.549999
09:26:10 AM,488.5,17,8304.5,1470713853.049999
09:26:11 AM,488.65,1730,845364.5,1471559217.549999
09:26:11 AM,488.5,2,977.0,1471560194.549999
09:26:11 AM,488.6,0,0.0,1471560194.549999
09:26:11 AM,488.7,0,0.0,1471560194.549999
09:26:12 AM,488.55,3514,1716764.7,1473276959.249999
09:26:12 AM,488.95,0,0.0,1473276959.249999
09:26:12 AM,488.95,1407,687952.65,1473964911.8999991
09:26:13 AM,489.0,1117,546213.0,1474511124.8999991
09:26:13 AM,488.9,1219,595969.1,1475107093.999999
09:26:13 AM,489.0,0,0.0,1475107093.999999
09:26:14 AM,489.0,74,36186.0,1475143279.999999
09:26:14 AM,488.9,0,0.0,1475143279.999999
09:26:14 AM,489.0,2984,1459176.0,1476602455.999999
09:26:15 AM,488.85,1077,526491.4500000001,1477128947.449999
09:26:15 AM,488.85,1588,776293.8,1477905241.249999
09:26:15 AM,489.15,0,0.0,1477905241.249999
09:26:16 AM,489.0,5025,2457225.0,1480362466.249999
09:26:16 AM,489.2,0,0.0,1480362466.249999
09:26:16 AM,489.1,1929,943473.9,1481305940.1499991
09:26:17 AM,489.1,867,424049.7,1481729989.8499992
09:26:17 AM,489.3,0,0.0,1481729989.8499992
09:26:17 AM,489.4,1833,897070.2,1482627060.0499992
09:26:17 AM,489.25,0,0.0,1482627060.0499992
09:26:18 AM,489.3,3713,1816770.9000000001,1484443830.9499993
09:26:18 AM,489.5,0,0.0,1484443830.9499993
09:26:18 AM,489.7,4265,2088570.5,1486532401.4499993
09:26:19 AM,489.5,856,419012.0,1486951413.4499993
09:26:19 AM,489.6,0,0.0,1486951413.4499993
09:26:19 AM,489.5,1776,869352.0,1487820765.4499993
09:26:19 AM,489.7,0,0.0,1487820765.4499993
09:26:20 AM,489.65,3253,1592831.45,1489413596.8999994
09:26:20 AM,489.7,0,0.0,1489413596.8999994
09:26:20 AM,489.55,3383,1656147.6500000001,1491069744.5499995
09:26:20 AM,489.75,0,0.0,1491069744.5499995
09:26:21 AM,489.55,1206,590397.3,1491660141.8499994
09:26:21 AM,489.8,0,0.0,1491660141.8499994
09:26:21 AM,489.8,2839,1390542.2,1493050684.0499995
09:26:22 AM,489.85,1024,501606.4,1493552290.4499996
09:26:22 AM,489.65,3454,1691251.0999999999,1495243541.5499995
09:26:22 AM,489.9,0,0.0,1495243541.5499995
09:26:23 AM,489.85,2276,1114898.6,1496358440.1499994
09:26:23 AM,489.55,0,0.0,1496358440.1499994
09:26:23 AM,489.8,2083,1020253.4,1497378693.5499995
09:26:23 AM,489.5,0,0.0,1497378693.5499995
09:26:24 AM,489.75,2704,1324284.0,1498702977.5499995
09:26:24 AM,489.8,0,0.0,1498702977.5499995
09:26:24 AM,489.8,3196,1565400.8,1500268378.3499994
09:26:24 AM,489.75,0,0.0,1500268378.3499994
09:26:25 AM,489.75,1222,598474.5,1500866852.8499994
09:26:25 AM,489.7,1808,885377.6,1501752230.4499993
09:26:25 AM,489.9,0,0.0,1501752230.4499993
09:26:26 AM,489.9,165,80833.5,1501833063.9499993
09:26:26 AM,489.95,0,0.0,1501833063.9499993
09:26:26 AM,489.9,29300,14354070.0,1516187133.9499993
09:26:26 AM,489.95,0,0.0,1516187133.9499993
09:26:27 AM,489.7,6019,2947504.3,1519134638.2499993
09:26:27 AM,490.0,0,0.0,1519134638.2499993
09:26:27 AM,490.15,89605,43919890.75,1563054528.9999993
09:26:27 AM,490.05,0,0.0,1563054528.9999993
09:26:28 AM,490.25,3603,1766370.75,1564820899.7499993
09:26:28 AM,490.25,8786,4307336.5,1569128236.2499993
09:26:28 AM,490.35,0,0.0,1569128236.2499993
09:26:29 AM,490.4,1643,805727.2,1569933963.4499993
09:26:29 AM,490.25,0,0.0,1569933963.4499993
09:26:29 AM,490.3,6859,3362967.7,1573296931.1499994
09:26:29 AM,490.25,0,0.0,1573296931.1499994
09:26:30 AM,490.3,2134,1046300.2000000001,1574343231.3499994
09:26:30 AM,489.85,0,0.0,1574343231.3499994
09:26:30 AM,490.05,2824,1383901.2,1575727132.5499995
09:26:31 AM,490.05,1146,561597.3,1576288729.8499994
09:26:31 AM,489.95,0,0.0,1576288729.8499994
09:26:31 AM,489.95,10954,5366912.3,1581655642.1499994
09:26:31 AM,489.75,0,0.0,1581655642.1499994
09:26:32 AM,489.95,626,306708.7,1581962350.8499994
09:26:32 AM,489.95,1989,974510.5499999999,1582936861.3999994
09:26:32 AM,490.05,0,0.0,1582936861.3999994
09:26:33 AM,489.85,1805,884179.25,1583821040.6499994
09:26:33 AM,490.0,4066,1992340.0,1585813380.6499994
09:26:33 AM,489.95,0,0.0,1585813380.6499994
09:26:34 AM,489.95,377,184711.15,1585998091.7999995
09:26:34 AM,489.75,0,0.0,1585998091.7999995
09:26:34 AM,489.95,2660,1303267.0,1587301358.7999995
09:26:35 AM,489.8,3908,1914138.4000000001,1589215497.1999996
09:26:35 AM,489.75,0,0.0,1589215497.1999996
09:26:35 AM,489.85,4487,2197956.95,1591413454.1499996
09:26:35 AM,489.75,0,0.0,1591413454.1499996
09:26:36 AM,489.55,5700,2790435.0,1594203889.1499996
09:26:36 AM,489.6,3491,1709193.6,1595913082.7499995
