date,price,qty,trnvr,cum_trnvr
09:15:00 AM,2685.0,37444,100537140.0,100537140.0
09:15:04 AM,2684.75,25152,67526832.0,168063972.0
09:15:05 AM,2684.35,0,0.0,168063972.0
09:15:07 AM,2679.4,0,0.0,168063972.0
09:15:07 AM,2680.55,0,0.0,168063972.0
09:15:09 AM,2680.8,0,0.0,168063972.0
09:15:09 AM,2681.1,0,0.0,168063972.0
09:15:10 AM,2680.95,31350,84047782.5,252111754.5
09:15:10 AM,2679.0,0,0.0,252111754.5
09:15:10 AM,2679.05,0,0.0,252111754.5
09:15:12 AM,2679.0,0,0.0,252111754.5
09:15:13 AM,2677.9,0,0.0,252111754.5
09:15:13 AM,2677.15,0,0.0,252111754.5
09:15:14 AM,2677.1,10220,27359962.0,279471716.5
09:15:15 AM,2676.15,0,0.0,279471716.5
09:15:15 AM,2675.0,0,0.0,279471716.5
09:15:16 AM,2674.5,0,0.0,279471716.5
09:15:18 AM,2673.05,0,0.0,279471716.5
09:15:18 AM,2674.55,0,0.0,279471716.5
09:15:19 AM,2674.5,0,0.0,279471716.5
09:15:19 AM,2674.5,28234,75511833.0,354983549.5
09:15:21 AM,2675.7,0,0.0,354983549.5
09:15:22 AM,2674.35,0,0.0,354983549.5
09:15:22 AM,2675.7,0,0.0,354983549.5
09:15:22 AM,2675.7,3339,8934162.299999999,363917711.8
09:15:23 AM,2674.0,0,0.0,363917711.8
09:15:25 AM,2675.65,0,0.0,363917711.8
09:15:26 AM,2674.55,0,0.0,363917711.8
09:15:26 AM,2675.7,0,0.0,363917711.8
09:15:27 AM,2676.1,0,0.0,363917711.8
09:15:27 AM,2675.4,0,0.0,363917711.8
09:15:27 AM,2675.4,9276,24817010.400000002,388734722.2
09:15:29 AM,2674.85,0,0.0,388734722.2
09:15:29 AM,2675.4,0,0.0,388734722.2
09:15:30 AM,2675.4,1795,4802343.0,393537065.2
09:15:30 AM,2675.95,0,0.0,393537065.2
09:15:32 AM,2675.4,0,0.0,393537065.2
09:15:33 AM,2675.75,0,0.0,393537065.2
09:15:34 AM,2675.0,0,0.0,393537065.2
09:15:34 AM,2674.35,3725,9961953.75,403499018.95
09:15:35 AM,2673.1,0,0.0,403499018.95
09:15:35 AM,2674.0,0,0.0,403499018.95
09:15:36 AM,2673.95,4743,12682544.85,416181563.8
09:15:37 AM,2673.8,0,0.0,416181563.8
09:15:37 AM,2674.0,0,0.0,416181563.8
09:15:39 AM,2673.85,0,0.0,416181563.8
09:15:40 AM,2673.85,4988,13337163.799999999,429518727.6
09:15:41 AM,2673.7,0,0.0,429518727.6
09:15:42 AM,2673.45,0,0.0,429518727.6
09:15:42 AM,2673.5,0,0.0,429518727.6
09:15:43 AM,2670.4,0,0.0,429518727.6
09:15:43 AM,2669.9,15852,42323254.800000004,471841982.40000004
09:15:43 AM,2669.75,0,0.0,471841982.40000004
09:15:44 AM,2669.3,0,0.0,471841982.40000004
09:15:44 AM,2669.2,0,0.0,471841982.40000004
09:15:45 AM,2668.5,0,0.0,471841982.40000004
09:15:47 AM,2670.7,0,0.0,471841982.40000004
09:15:47 AM,2669.55,0,0.0,471841982.40000004
09:15:47 AM,2670.0,13970,37299900.0,509141882.40000004
09:15:50 AM,2670.0,2051,5476170.0,514618052.40000004
09:15:51 AM,2670.15,0,0.0,514618052.40000004
09:15:51 AM,2670.7,0,0.0,514618052.40000004
09:15:52 AM,2672.45,0,0.0,514618052.40000004
09:15:53 AM,2672.4,0,0.0,514618052.40000004
09:15:54 AM,2671.45,3469,9267260.049999999,523885312.45000005
09:15:54 AM,2672.4,0,0.0,523885312.45000005
09:15:55 AM,2670.85,0,0.0,523885312.45000005
09:15:56 AM,2672.45,0,0.0,523885312.45000005
09:15:56 AM,2672.45,1362,3639876.9,527525189.35
09:15:58 AM,2672.3,0,0.0,527525189.35
09:15:58 AM,2672.35,0,0.0,527525189.35
09:15:59 AM,2671.8,0,0.0,527525189.35
09:16:00 AM,2670.95,0,0.0,527525189.35
09:16:00 AM,2670.95,14248,38055695.599999994,565580884.95
09:16:00 AM,2669.55,0,0.0,565580884.95
09:16:01 AM,2670.6,0,0.0,565580884.95
09:16:01 AM,2670.75,0,0.0,565580884.95
09:16:02 AM,2670.7,0,0.0,565580884.95
09:16:02 AM,2669.6,0,0.0,565580884.95
09:16:03 AM,2669.45,5981,15965980.45,581546865.4000001
09:16:04 AM,2669.55,0,0.0,581546865.4000001
09:16:04 AM,2670.6,0,0.0,581546865.4000001
09:16:05 AM,2669.6,0,0.0,581546865.4000001
09:16:05 AM,2669.3,0,0.0,581546865.4000001
09:16:06 AM,2668.1,8507,22697526.7,604244392.1000001
09:16:07 AM,2669.55,0,0.0,604244392.1000001
09:16:07 AM,2668.3,0,0.0,604244392.1000001
09:16:08 AM,2667.55,0,0.0,604244392.1000001
09:16:09 AM,2669.0,0,0.0,604244392.1000001
09:16:09 AM,2668.95,0,0.0,604244392.1000001
09:16:09 AM,2668.7,5901,15747998.7,619992390.8000002
09:16:10 AM,2668.9,0,0.0,619992390.8000002
09:16:11 AM,2667.9,2440,6509676.0,626502066.8000002
09:16:11 AM,2668.9,797,2127113.3000000003,628629180.1000001
09:16:11 AM,2668.7,1603,4277926.1,632907106.2000002
09:16:12 AM,2668.1,91,242797.1,633149903.3000002
09:16:12 AM,2668.7,0,0.0,633149903.3000002
09:16:12 AM,2668.65,1076,2871467.4,636021370.7000002
09:16:13 AM,2668.7,1282,3421273.4,639442644.1000001
09:16:13 AM,2669.2,3513,9376899.6,648819543.7000002
09:16:14 AM,2670.5,26,69433.0,648888976.7000002
09:16:14 AM,2670.5,1622,4331551.0,653220527.7000002
09:16:15 AM,2669.55,4,10678.2,653231205.9000002
09:16:15 AM,2669.0,0,0.0,653231205.9000002
09:16:15 AM,2669.0,125,333625.0,653564830.9000002
09:16:16 AM,2669.1,506,1350564.5999999999,654915395.5000002
09:16:16 AM,2669.55,0,0.0,654915395.5000002
09:16:16 AM,2670.4,0,0.0,654915395.5000002
09:16:16 AM,2670.4,1675,4472920.0,659388315.5000002
09:16:17 AM,2669.55,15,40043.25,659428358.7500002
09:16:17 AM,2670.05,0,0.0,659428358.7500002
09:16:17 AM,2670.05,1565,4178628.2500000005,663606987.0000002
09:16:18 AM,2670.0,2007,5358690.0,668965677.0000002
09:16:18 AM,2670.0,221,590070.0,669555747.0000002
09:16:19 AM,2670.0,34,90780.0,669646527.0000002
09:16:19 AM,2670.0,904,2413680.0,672060207.0000002
09:16:20 AM,2668.85,9,24019.649999999998,672084226.6500002
09:16:20 AM,2670.0,0,0.0,672084226.6500002
09:16:20 AM,2670.0,1811,4835370.0,676919596.6500002
09:16:21 AM,2670.0,2452,6546840.0,683466436.6500002
09:16:21 AM,2669.2,0,0.0,683466436.6500002
09:16:21 AM,2669.2,406,1083695.2,684550131.8500003
09:16:22 AM,2669.2,10,26692.0,684576823.8500003
09:16:22 AM,2669.1,0,0.0,684576823.8500003
09:16:22 AM,2670.0,0,0.0,684576823.8500003
09:16:22 AM,2670.0,447,1193490.0,685770313.8500003
09:16:23 AM,2669.2,5,13346.0,685783659.8500003
09:16:23 AM,2670.15,0,0.0,685783659.8500003
09:16:23 AM,2670.15,2788,7444378.2,693228038.0500003
09:16:24 AM,2669.55,804,2146318.2,695374356.2500004
09:16:24 AM,2670.0,0,0.0,695374356.2500004
09:16:24 AM,2670.0,1146,3059820.0,698434176.2500004
09:16:25 AM,2669.15,671,1790999.6500000001,700225175.9000003
09:16:25 AM,2671.0,0,0.0,700225175.9000003
09:16:25 AM,2670.7,1442,3851149.4,704076325.3000003
09:16:26 AM,2671.2,624,1666828.7999999998,705743154.1000003
09:16:26 AM,2670.05,0,0.0,705743154.1000003
09:16:26 AM,2671.2,0,0.0,705743154.1000003
09:16:26 AM,2670.0,1073,2864910.0,708608064.1000003
09:16:27 AM,2670.0,60,160200.0,708768264.1000003
09:16:28 AM,2670.0,532,1420440.0,710188704.1000003
09:16:28 AM,2670.0,367,979890.0,711168594.1000003
09:16:29 AM,2669.85,1324,3534881.4,714703475.5000002
09:16:29 AM,2669.15,0,0.0,714703475.5000002
09:16:29 AM,2669.15,155,413718.25,715117193.7500002
09:16:30 AM,2669.8,954,2546989.2,717664182.9500003
09:16:30 AM,2669.0,0,0.0,717664182.9500003
09:16:30 AM,2668.95,80,213516.0,717877698.9500003
09:16:31 AM,2668.25,443,1182034.75,719059733.7000003
09:16:31 AM,2668.95,0,0.0,719059733.7000003
09:16:31 AM,2668.95,301,803353.95,719863087.6500003
09:16:32 AM,2668.9,864,2305929.6,722169017.2500004
09:16:32 AM,2669.6,0,0.0,722169017.2500004
09:16:32 AM,2669.6,1636,4367465.6,726536482.8500004
09:16:33 AM,2668.15,502,1339411.3,727875894.1500003
09:16:33 AM,2668.95,0,0.0,727875894.1500003
09:16:33 AM,2668.95,433,1155655.3499999999,729031549.5000004
09:16:34 AM,2668.95,276,736630.2,729768179.7000004
09:16:34 AM,2668.95,232,619196.3999999999,730387376.1000004
09:16:35 AM,2669.25,414,1105069.5,731492445.6000004
09:16:35 AM,2668.95,0,0.0,731492445.6000004
09:16:35 AM,2668.95,235,627203.25,732119648.8500004
09:16:36 AM,2669.6,694,1852702.4,733972351.2500004
09:16:36 AM,2669.45,0,0.0,733972351.2500004
09:16:36 AM,2669.6,209,557946.4,734530297.6500003
09:16:37 AM,2668.55,308,821913.4,735352211.0500003
09:16:37 AM,2669.6,0,0.0,735352211.0500003
09:16:37 AM,2670.9,0,0.0,735352211.0500003
09:16:37 AM,2670.9,1127,3010104.3000000003,738362315.3500003
09:16:38 AM,2670.5,720,1922760.0,740285075.3500003
09:16:38 AM,2671.5,0,0.0,740285075.3500003
09:16:38 AM,2671.55,0,0.0,740285075.3500003
09:16:38 AM,2671.55,705,1883442.7500000002,742168518.1000003
09:16:39 AM,2671.2,671,1792375.2,743960893.3000003
09:16:39 AM,2671.3,0,0.0,743960893.3000003
09:16:39 AM,2671.3,128,341926.4,744302819.7000003
09:16:40 AM,2669.95,935,2496403.25,746799222.9500003
09:16:40 AM,2671.1,0,0.0,746799222.9500003
09:16:40 AM,2669.9,0,0.0,746799222.9500003
09:16:40 AM,2669.9,208,555339.2000000001,747354562.1500003
09:16:41 AM,2671.3,214,571658.2000000001,747926220.3500004
09:16:41 AM,2671.1,0,0.0,747926220.3500004
09:16:41 AM,2671.1,13,34724.299999999996,747960944.6500003
09:16:42 AM,2669.85,103,274994.55,748235939.2000003
09:16:42 AM,2671.0,0,0.0,748235939.2000003
09:16:42 AM,2671.0,297,793287.0,749029226.2000003
09:16:43 AM,2670.55,7,18693.850000000002,749047920.0500003
09:16:43 AM,2670.95,0,0.0,749047920.0500003
09:16:43 AM,2670.95,1049,2801826.55,751849746.6000003
09:16:44 AM,2670.1,626,1671482.5999999999,753521229.2000003
09:16:44 AM,2670.1,1845,4926334.5,758447563.7000003
09:16:45 AM,2670.85,102,272426.7,758719990.4000003
09:16:45 AM,2670.85,1273,3399992.05,762119982.4500003
09:16:46 AM,2670.85,55,146896.75,762266879.2000003
09:16:46 AM,2670.1,0,0.0,762266879.2000003
09:16:46 AM,2670.1,236,630143.6,762897022.8000003
09:16:47 AM,2670.1,317,846421.7,763743444.5000004
09:16:47 AM,2670.75,0,0.0,763743444.5000004
09:16:47 AM,2670.75,416,1111032.0,764854476.5000004
09:16:48 AM,2670.0,90,240300.0,765094776.5000004
09:16:48 AM,2670.75,0,0.0,765094776.5000004
09:16:48 AM,2670.75,196,523467.0,765618243.5000004
09:16:49 AM,2670.7,42,112169.4,765730412.9000003
09:16:49 AM,2670.1,0,0.0,765730412.9000003
09:16:49 AM,2670.1,446,1190864.5999999999,766921277.5000004
09:16:50 AM,2670.7,37,98815.9,767020093.4000003
09:16:50 AM,2670.5,0,0.0,767020093.4000003
09:16:50 AM,2670.0,418,1116060.0,768136153.4000003
09:16:51 AM,2670.0,131,349770.0,768485923.4000003
09:16:51 AM,2670.0,685,1828950.0,770314873.4000003
09:16:52 AM,2669.6,232,619347.2,770934220.6000004
09:16:52 AM,2669.95,0,0.0,770934220.6000004
09:16:52 AM,2669.95,533,1423083.3499999999,772357303.9500004
09:16:53 AM,2669.75,0,0.0,772357303.9500004
09:16:53 AM,2669.75,20,53395.0,772410698.9500004
09:16:53 AM,2669.75,832,2221232.0,774631930.9500004
09:16:54 AM,2669.75,669,1786062.75,776417993.7000004
09:16:54 AM,2669.2,0,0.0,776417993.7000004
09:16:54 AM,2669.2,400,1067680.0,777485673.7000004
09:16:55 AM,2669.95,0,0.0,777485673.7000004
09:16:55 AM,2669.95,126,336413.69999999995,777822087.4000005
09:16:55 AM,2669.55,0,0.0,777822087.4000005
09:16:55 AM,2669.55,94,250937.7,778073025.1000005
09:16:56 AM,2669.95,0,0.0,778073025.1000005
09:16:56 AM,2669.95,357,953172.1499999999,779026197.2500005
09:16:56 AM,2670.0,598,1596660.0,780622857.2500005
09:16:57 AM,2670.0,44,117480.0,780740337.2500005
09:16:57 AM,2669.6,0,0.0,780740337.2500005
09:16:57 AM,2669.6,586,1564385.5999999999,782304722.8500005
09:16:58 AM,2670.0,0,0.0,782304722.8500005
09:16:58 AM,2670.0,257,686190.0,782990912.8500005
09:16:58 AM,2670.0,1457,3890190.0,786881102.8500005
09:16:59 AM,2670.0,626,1671420.0,788552522.8500005
09:16:59 AM,2669.8,0,0.0,788552522.8500005
09:16:59 AM,2669.8,145,387121.0,788939643.8500005
09:17:00 AM,2670.0,0,0.0,788939643.8500005
09:17:00 AM,2670.0,5,13350.0,788952993.8500005
09:17:00 AM,2670.6,0,0.0,788952993.8500005
09:17:00 AM,2670.0,321,857070.0,789810063.8500005
09:17:01 AM,2670.6,0,0.0,789810063.8500005
09:17:01 AM,2670.0,22,58740.0,789868803.8500005
09:17:01 AM,2670.6,53,141541.8,790010345.6500005
09:17:01 AM,2670.0,0,0.0,790010345.6500005
09:17:02 AM,2670.0,32,85440.0,790095785.6500005
09:17:02 AM,2670.6,124,331154.39999999997,790426940.0500004
09:17:02 AM,2670.0,0,0.0,790426940.0500004
09:17:03 AM,2670.6,84,224330.4,790651270.4500004
09:17:03 AM,2670.6,67,178930.19999999998,790830200.6500005
09:17:04 AM,2670.2,89,237647.8,791067848.4500004
09:17:04 AM,2669.8,1482,3956643.6,795024492.0500004
09:17:04 AM,2670.25,0,0.0,795024492.0500004
09:17:05 AM,2670.25,167,445931.75,795470423.8000004
09:17:05 AM,2670.0,0,0.0,795470423.8000004
09:17:05 AM,2669.75,327,873008.25,796343432.0500004
09:17:05 AM,2669.55,0,0.0,796343432.0500004
09:17:06 AM,2669.55,7,18686.850000000002,796362118.9000005
09:17:06 AM,2670.6,459,1225805.4,797587924.3000004
09:17:07 AM,2670.6,24,64094.399999999994,797652018.7000004
09:17:07 AM,2670.6,19,50741.4,797702760.1000004
09:17:07 AM,2670.0,0,0.0,797702760.1000004
09:17:08 AM,2670.0,16,42720.0,797745480.1000004
09:17:08 AM,2670.0,132,352440.0,798097920.1000004
09:17:09 AM,2670.0,131,349770.0,798447690.1000004
09:17:09 AM,2670.6,22,58753.2,798506443.3000004
09:17:09 AM,2670.0,0,0.0,798506443.3000004
09:17:10 AM,2670.0,23,61410.0,798567853.3000004
09:17:10 AM,2670.6,0,0.0,798567853.3000004
09:17:10 AM,2670.6,253,675661.7999999999,799243515.1000004
09:17:11 AM,2670.6,68,181600.8,799425115.9000003
09:17:11 AM,2670.65,0,0.0,799425115.9000003
09:17:11 AM,2670.65,621,1658473.6500000001,801083589.5500003
09:17:11 AM,2672.1,0,0.0,801083589.5500003
09:17:12 AM,2671.0,0,0.0,801083589.5500003
09:17:12 AM,2671.0,999,2668329.0,803751918.5500003
09:17:12 AM,2671.0,255,681105.0,804433023.5500003
09:17:13 AM,2671.0,12,32052.0,804465075.5500003
09:17:13 AM,2671.0,664,1773544.0,806238619.5500003
09:17:14 AM,2670.65,0,0.0,806238619.5500003
09:17:14 AM,2670.65,6,16023.900000000001,806254643.4500003
09:17:14 AM,2671.05,333,889459.65,807144103.1000003
09:17:14 AM,2672.35,0,0.0,807144103.1000003
09:17:15 AM,2672.25,0,0.0,807144103.1000003
09:17:15 AM,2672.25,39,104217.75,807248320.8500003
09:17:15 AM,2672.25,25,66806.25,807315127.1000003
09:17:16 AM,2672.25,556,1485771.0,808800898.1000003
09:17:17 AM,2671.45,0,0.0,808800898.1000003
09:17:17 AM,2672.25,86,229813.5,809030711.6000003
09:17:17 AM,2672.25,130,347392.5,809378104.1000003
09:17:18 AM,2673.0,2757,7369461.0,816747565.1000003
09:17:19 AM,2672.95,0,0.0,816747565.1000003
09:17:19 AM,2672.95,862,2304082.9,819051648.0000002
09:17:19 AM,2673.0,42,112266.0,819163914.0000002
09:17:20 AM,2673.0,748,1999404.0,821163318.0000002
09:17:20 AM,2673.0,290,775170.0,821938488.0000002
09:17:21 AM,2672.75,0,0.0,821938488.0000002
09:17:21 AM,2672.75,64,171056.0,822109544.0000002
09:17:21 AM,2672.8,327,874005.6000000001,822983549.6000003
09:17:22 AM,2673.0,0,0.0,822983549.6000003
09:17:22 AM,2673.0,257,686961.0,823670510.6000003
09:17:22 AM,2673.0,90,240570.0,823911080.6000003
09:17:23 AM,2673.0,128,342144.0,824253224.6000003
09:17:23 AM,2673.0,228,609444.0,824862668.6000003
09:17:24 AM,2673.0,303,809919.0,825672587.6000003
09:17:24 AM,2673.35,790,2111946.5,827784534.1000003
09:17:24 AM,2674.35,0,0.0,827784534.1000003
09:17:25 AM,2674.0,0,0.0,827784534.1000003
09:17:25 AM,2674.0,162,433188.0,828217722.1000003
09:17:25 AM,2674.25,263,703327.75,828921049.8500003
09:17:26 AM,2673.9,0,0.0,828921049.8500003
09:17:26 AM,2673.9,550,1470645.0,830391694.8500003
09:17:26 AM,2674.25,51,136386.75,830528081.6000003
09:17:27 AM,2674.25,260,695305.0,831223386.6000003
09:17:27 AM,2674.25,1797,4805627.25,836029013.8500003
09:17:28 AM,2674.25,14,37439.5,836066453.3500003
09:17:28 AM,2674.25,3,8022.75,836074476.1000003
09:17:29 AM,2674.0,0,0.0,836074476.1000003
09:17:29 AM,2674.0,203,542822.0,836617298.1000003
09:17:29 AM,2673.55,126,336867.30000000005,836954165.4000002
09:17:30 AM,2673.25,391,1045240.75,837999406.1500002
09:17:30 AM,2673.55,327,874250.8500000001,838873657.0000002
09:17:30 AM,2674.1,0,0.0,838873657.0000002
09:17:31 AM,2674.25,0,0.0,838873657.0000002
09:17:31 AM,2674.25,1232,3294676.0,842168333.0000002
09:17:31 AM,2674.25,70,187197.5,842355530.5000002
09:17:32 AM,2674.0,0,0.0,842355530.5000002
09:17:32 AM,2674.0,150,401100.0,842756630.5000002
09:17:32 AM,2674.25,376,1005518.0,843762148.5000002
09:17:33 AM,2674.25,1295,3463153.75,847225302.2500002
09:17:33 AM,2674.05,912,2438733.6,849664035.8500003
09:17:33 AM,2674.25,0,0.0,849664035.8500003
09:17:34 AM,2673.55,0,0.0,849664035.8500003
09:17:34 AM,2673.75,278,743302.5,850407338.3500003
09:17:34 AM,2674.25,1442,3856268.5,854263606.8500003
09:17:35 AM,2674.25,100,267425.0,854531031.8500003
09:17:35 AM,2674.25,144,385092.0,854916123.8500003
09:17:36 AM,2673.55,0,0.0,854916123.8500003
09:17:36 AM,2674.25,196,524153.0,855440276.8500003
09:17:36 AM,2673.55,104,278049.2,855718326.0500003
09:17:36 AM,2674.25,0,0.0,855718326.0500003
09:17:37 AM,2674.0,65,173810.0,855892136.0500003
09:17:37 AM,2674.25,11707,31307444.75,887199580.8000003
09:17:37 AM,2674.0,0,0.0,887199580.8000003
09:17:38 AM,2675.0,0,0.0,887199580.8000003
09:17:38 AM,2675.0,696,1861800.0,889061380.8000003
09:17:38 AM,2675.0,277,740975.0,889802355.8000003
09:17:38 AM,2674.25,0,0.0,889802355.8000003
09:17:39 AM,2674.05,0,0.0,889802355.8000003
09:17:39 AM,2674.05,302,807563.1000000001,890609918.9000003
09:17:39 AM,2674.8,254,679399.2000000001,891289318.1000004
09:17:40 AM,2674.8,46,123040.8,891412358.9000003
09:17:40 AM,2674.85,268,716859.7999999999,892129218.7000003
09:17:41 AM,2674.85,379,1013768.15,893142986.8500003
09:17:41 AM,2674.25,32,85576.0,893228562.8500003
09:17:41 AM,2674.85,0,0.0,893228562.8500003
09:17:42 AM,2674.85,70,187239.5,893415802.3500003
09:17:42 AM,2674.1,484,1294264.4,894710066.7500002
09:17:43 AM,2674.85,0,0.0,894710066.7500002
09:17:43 AM,2674.25,56,149758.0,894859824.7500002
09:17:43 AM,2674.85,614,1642357.9,896502182.6500002
09:17:44 AM,2674.25,0,0.0,896502182.6500002
09:17:44 AM,2674.85,1646,4402803.1,900904985.7500002
09:17:44 AM,2674.25,389,1040283.25,901945269.0000002
09:17:44 AM,2674.8,0,0.0,901945269.0000002
09:17:45 AM,2674.8,41,109666.8,902054935.8000002
09:17:45 AM,2674.85,198,529620.2999999999,902584556.1000001
09:17:46 AM,2674.85,20,53497.0,902638053.1000001
09:17:46 AM,2675.25,977,2613719.25,905251772.3500001
09:17:47 AM,2675.25,72,192618.0,905444390.3500001
09:17:47 AM,2675.75,88,235466.0,905679856.3500001
09:17:47 AM,2675.25,0,0.0,905679856.3500001
09:17:48 AM,2675.95,0,0.0,905679856.3500001
09:17:48 AM,2675.25,270,722317.5,906402173.8500001
09:17:48 AM,2675.85,4237,11337576.45,917739750.3000002
09:17:48 AM,2675.25,0,0.0,917739750.3000002
09:17:49 AM,2675.85,39,104358.15,917844108.4500002
09:17:49 AM,2675.0,1484,3969700.0,921813808.4500002
09:17:50 AM,2675.85,0,0.0,921813808.4500002
09:17:50 AM,2675.85,135,361239.75,922175048.2000002
09:17:50 AM,2675.5,77,206013.5,922381061.7000002
09:17:50 AM,2675.85,0,0.0,922381061.7000002
09:17:51 AM,2676.45,0,0.0,922381061.7000002
09:17:51 AM,2676.45,733,1961837.8499999999,924342899.5500002
09:17:51 AM,2677.0,27,72279.0,924415178.5500002
09:17:52 AM,2676.1,0,0.0,924415178.5500002
09:17:52 AM,2676.1,446,1193540.5999999999,925608719.1500002
09:17:52 AM,2676.1,243,650292.2999999999,926259011.4500002
09:17:53 AM,2677.0,0,0.0,926259011.4500002
09:17:53 AM,2677.0,88,235576.0,926494587.4500002
09:17:53 AM,2676.25,0,0.0,926494587.4500002
09:17:54 AM,2676.25,1359,3637023.75,930131611.2000002
09:17:54 AM,2676.55,0,0.0,930131611.2000002
09:17:54 AM,2676.55,96,256948.80000000002,930388560.0000001
09:17:54 AM,2676.05,0,0.0,930388560.0000001
09:17:55 AM,2676.05,190,508449.50000000006,930897009.5000001
09:17:56 AM,2676.25,270,722587.5,931619597.0000001
09:17:56 AM,2675.05,0,0.0,931619597.0000001
09:17:56 AM,2675.1,1382,3696988.1999999997,935316585.2000002
09:17:56 AM,2675.95,0,0.0,935316585.2000002
09:17:57 AM,2675.95,1102,2948896.9,938265482.1000001
09:17:57 AM,2675.0,0,0.0,938265482.1000001
09:17:57 AM,2675.85,691,1849012.3499999999,940114494.4500002
09:17:57 AM,2675.95,0,0.0,940114494.4500002
09:17:58 AM,2675.0,344,920200.0,941034694.4500002
09:17:58 AM,2675.95,0,0.0,941034694.4500002
09:17:58 AM,2675.95,66,176612.69999999998,941211307.1500002
09:17:59 AM,2675.95,125,334493.75,941545800.9000002
09:17:59 AM,2675.95,1,2675.95,941548476.8500003
09:17:59 AM,2675.0,0,0.0,941548476.8500003
09:18:00 AM,2675.85,384,1027526.3999999999,942576003.2500002
09:18:00 AM,2675.85,1530,4094050.5,946670053.7500002
09:18:01 AM,2675.85,728,1948018.8,948618072.5500002
09:18:01 AM,2675.85,204,545873.4,949163945.9500002
09:18:02 AM,2675.85,389,1040905.6499999999,950204851.6000001
09:18:02 AM,2675.05,0,0.0,950204851.6000001
09:18:02 AM,2675.05,22,58851.100000000006,950263702.7000002
09:18:02 AM,2675.85,0,0.0,950263702.7000002
09:18:03 AM,2675.05,504,1348225.2000000002,951611927.9000002
09:18:03 AM,2675.05,1552,4151677.6,955763605.5000002
09:18:03 AM,2674.9,0,0.0,955763605.5000002
09:18:04 AM,2674.9,2048,5478195.2,961241800.7000003
09:18:04 AM,2675.05,0,0.0,961241800.7000003
09:18:04 AM,2675.05,256,684812.8,961926613.5000002
09:18:05 AM,2675.05,114,304955.7,962231569.2000003
09:18:05 AM,2675.05,464,1241223.2000000002,963472792.4000003
09:18:05 AM,2675.0,0,0.0,963472792.4000003
09:18:06 AM,2675.0,21,56175.0,963528967.4000003
09:18:06 AM,2675.05,0,0.0,963528967.4000003
09:18:06 AM,2675.05,1018,2723200.9000000004,966252168.3000003
09:18:07 AM,2675.0,646,1728050.0,967980218.3000003
09:18:07 AM,2675.05,0,0.0,967980218.3000003
09:18:07 AM,2675.05,21,56176.05,968036394.3500003
09:18:07 AM,2675.4,0,0.0,968036394.3500003
09:18:08 AM,2675.4,629,1682826.6,969719220.9500003
09:18:08 AM,2675.7,0,0.0,969719220.9500003
09:18:08 AM,2675.7,266,711736.2,970430957.1500003
09:18:09 AM,2675.05,86,230054.30000000002,970661011.4500003
09:18:09 AM,2675.0,0,0.0,970661011.4500003
09:18:09 AM,2675.0,1000,2675000.0,973336011.4500003
09:18:09 AM,2675.7,0,0.0,973336011.4500003
09:18:10 AM,2675.7,246,658222.2,973994233.6500003
09:18:10 AM,2675.15,0,0.0,973994233.6500003
09:18:10 AM,2675.15,1,2675.15,973996908.8000003
09:18:10 AM,2675.7,0,0.0,973996908.8000003
09:18:11 AM,2675.7,8,21405.6,974018314.4000003
09:18:11 AM,2675.7,25,66892.5,974085206.9000003
09:18:11 AM,2676.5,1110,2970915.0,977056121.9000003
09:18:12 AM,2676.3,0,0.0,977056121.9000003
09:18:12 AM,2676.3,124,331861.2,977387983.1000004
09:18:12 AM,2675.95,101,270270.94999999995,977658254.0500004
09:18:13 AM,2677.35,0,0.0,977658254.0500004
09:18:13 AM,2676.65,387,1035863.55,978694117.6000004
09:18:13 AM,2675.5,101059,270383354.5,1249077472.1000004
09:18:13 AM,2677.25,0,0.0,1249077472.1000004
09:18:14 AM,2677.35,0,0.0,1249077472.1000004
09:18:14 AM,2677.35,997,2669317.9499999997,1251746790.0500004
09:18:14 AM,2676.8,0,0.0,1251746790.0500004
09:18:15 AM,2677.7,217,581060.8999999999,1252327850.9500005
09:18:15 AM,2678.15,0,0.0,1252327850.9500005
09:18:15 AM,2678.15,270,723100.5,1253050951.4500005
09:18:15 AM,2678.45,0,0.0,1253050951.4500005
09:18:16 AM,2678.25,1295,3468333.75,1256519285.2000005
09:18:16 AM,2677.0,0,0.0,1256519285.2000005
09:18:16 AM,2676.8,106,283740.80000000005,1256803026.0000005
09:18:16 AM,2677.0,0,0.0,1256803026.0000005
09:18:17 AM,2676.5,2068,5535002.0,1262338028.0000005
09:18:17 AM,2676.5,11,29441.5,1262367469.5000005
09:18:18 AM,2677.0,193,516661.0,1262884130.5000005
09:18:18 AM,2676.2,41,109724.2,1262993854.7000005
09:18:18 AM,2676.95,0,0.0,1262993854.7000005
09:18:18 AM,2677.35,0,0.0,1262993854.7000005
09:18:19 AM,2676.35,422,1129419.7,1264123274.4000006
09:18:19 AM,2676.4,0,0.0,1264123274.4000006
09:18:19 AM,2676.4,44,117761.6,1264241036.0000005
09:18:19 AM,2677.35,0,0.0,1264241036.0000005
09:18:20 AM,2677.35,191,511373.85,1264752409.8500004
09:18:20 AM,2677.35,3,8032.049999999999,1264760441.9000003
09:18:21 AM,2677.35,484,1295837.4,1266056279.3000004
09:18:22 AM,2677.35,103,275767.05,1266332046.3500004
09:18:22 AM,2677.05,10,26770.5,1266358816.8500004
09:18:22 AM,2677.35,0,0.0,1266358816.8500004
09:18:23 AM,2677.35,836,2238264.6,1268597081.4500003
09:18:23 AM,2677.35,21,56224.35,1268653305.8000002
09:18:23 AM,2677.0,0,0.0,1268653305.8000002
09:18:24 AM,2677.35,134,358764.89999999997,1269012070.7000003
09:18:24 AM,2677.0,3,8031.0,1269020101.7000003
09:18:24 AM,2677.45,0,0.0,1269020101.7000003
09:18:25 AM,2677.3,211,564910.3,1269585012.0000002
09:18:25 AM,2677.35,0,0.0,1269585012.0000002
09:18:26 AM,2677.35,11,29450.85,1269614462.8500001
09:18:26 AM,2677.5,1,2677.5,1269617140.3500001
09:18:26 AM,2677.5,74,198135.0,1269815275.3500001
09:18:27 AM,2677.1,0,0.0,1269815275.3500001
09:18:27 AM,2677.1,365,977141.5,1270792416.8500001
09:18:27 AM,2677.1,25,66927.5,1270859344.3500001
09:18:27 AM,2677.1,1,2677.1,1270862021.45
09:18:28 AM,2677.1,222,594316.2,1271456337.65
09:18:28 AM,2677.35,1255,3360074.25,1274816411.9
09:18:28 AM,2677.5,0,0.0,1274816411.9
09:18:29 AM,2677.0,0,0.0,1274816411.9
09:18:29 AM,2677.1,215,575576.5,1275391988.4
09:18:29 AM,2677.0,19,50863.0,1275442851.4
09:18:29 AM,2677.35,0,0.0,1275442851.4
09:18:30 AM,2677.5,146,390915.0,1275833766.4
09:18:31 AM,2677.75,609,1630749.75,1277464516.15
09:18:31 AM,2677.1,0,0.0,1277464516.15
09:18:31 AM,2677.1,67,179365.69999999998,1277643881.8500001
09:18:31 AM,2677.95,0,0.0,1277643881.8500001
09:18:32 AM,2677.85,534,1429971.9,1279073853.7500002
09:18:32 AM,2677.5,0,0.0,1279073853.7500002
09:18:32 AM,2677.5,22,58905.0,1279132758.7500002
09:18:32 AM,2677.8,0,0.0,1279132758.7500002
09:18:33 AM,2677.1,252,674629.2,1279807387.9500003
09:18:33 AM,2677.0,0,0.0,1279807387.9500003
09:18:33 AM,2677.7,516,1381693.2,1281189081.1500003
09:18:34 AM,2677.7,22,58909.399999999994,1281247990.5500004
09:18:34 AM,2677.7,5,13388.5,1281261379.0500004
09:18:35 AM,2677.7,3,8033.099999999999,1281269412.1500003
09:18:36 AM,2677.7,26,69620.2,1281339032.3500004
09:18:36 AM,2677.7,9,24099.3,1281363131.6500003
09:18:36 AM,2677.5,0,0.0,1281363131.6500003
09:18:37 AM,2677.7,114,305257.8,1281668389.4500003
09:18:37 AM,2677.0,0,0.0,1281668389.4500003
09:18:37 AM,2677.7,230,615871.0,1282284260.4500003
09:18:38 AM,2678.25,868,2324721.0,1284608981.4500003
09:18:38 AM,2678.6,0,0.0,1284608981.4500003
09:18:38 AM,2677.75,386,1033611.5,1285642592.9500003
09:18:39 AM,2678.6,0,0.0,1285642592.9500003
09:18:39 AM,2677.75,69,184764.75,1285827357.7000003
09:18:39 AM,2678.6,846,2266095.6,1288093453.3000002
09:18:39 AM,2678.15,0,0.0,1288093453.3000002
09:18:40 AM,2678.6,0,0.0,1288093453.3000002
09:18:40 AM,2678.6,73,195537.8,1288288991.1000001
09:18:40 AM,2678.25,16,42852.0,1288331843.1000001
09:18:40 AM,2678.6,0,0.0,1288331843.1000001
09:18:41 AM,2678.25,0,0.0,1288331843.1000001
09:18:41 AM,2678.25,63,168729.75,1288500572.8500001
09:18:41 AM,2678.25,212,567789.0,1289068361.8500001
09:18:42 AM,2678.25,4,10713.0,1289079074.8500001
09:18:42 AM,2678.25,179,479406.75,1289558481.6000001
09:18:43 AM,2678.25,79,211581.75,1289770063.3500001
09:18:44 AM,2678.25,5,13391.25,1289783454.6000001
09:18:44 AM,2678.0,0,0.0,1289783454.6000001
09:18:44 AM,2678.6,98,262502.8,1290045957.4
09:18:44 AM,2678.0,0,0.0,1290045957.4
09:18:45 AM,2678.0,1882,5039996.0,1295085953.4
09:18:45 AM,2678.25,0,0.0,1295085953.4
09:18:45 AM,2677.7,1020,2731254.0,1297817207.4
09:18:45 AM,2678.65,0,0.0,1297817207.4
09:18:46 AM,2678.65,1240,3321526.0,1301138733.4
09:18:46 AM,2678.25,0,0.0,1301138733.4
09:18:46 AM,2678.25,61,163373.25,1301302106.65
09:18:47 AM,2678.25,50,133912.5,1301436019.15
09:18:47 AM,2678.0,0,0.0,1301436019.15
09:18:47 AM,2678.0,23,61594.0,1301497613.15
09:18:48 AM,2678.25,10,26782.5,1301524395.65
09:18:48 AM,2678.25,123,329424.75,1301853820.4
09:18:49 AM,2678.65,338,905383.7000000001,1302759204.1000001
09:18:49 AM,2678.65,421,1127711.6500000001,1303886915.7500002
09:18:50 AM,2678.9,600,1607340.0,1305494255.7500002
09:18:50 AM,2679.45,2574,6896904.3,1312391160.0500002
09:18:50 AM,2679.2,0,0.0,1312391160.0500002
09:18:51 AM,2679.05,883,2365601.1500000004,1314756761.2000003
09:18:51 AM,2679.9,16,42878.4,1314799639.6000004
09:18:52 AM,2679.2,16,42867.2,1314842506.8000004
09:18:52 AM,2679.9,0,0.0,1314842506.8000004
09:18:52 AM,2679.9,38,101836.2,1314944343.0000005
09:18:52 AM,2680.05,0,0.0,1314944343.0000005
09:18:53 AM,2679.9,3146,8430965.4,1323375308.4000006
09:18:53 AM,2679.9,79,211712.1,1323587020.5000005
09:18:54 AM,2679.25,717,1921022.25,1325508042.7500005
09:18:54 AM,2680.0,162,434160.0,1325942202.7500005
09:18:54 AM,2680.3,0,0.0,1325942202.7500005
09:18:55 AM,2680.25,135,361833.75,1326304036.5000005
09:18:55 AM,2680.55,0,0.0,1326304036.5000005
09:18:55 AM,2680.7,2847,7631952.899999999,1333935989.4000006
09:18:56 AM,2680.3,15,40204.5,1333976193.9000006
09:18:56 AM,2680.3,11,29483.300000000003,1334005677.2000005
09:18:57 AM,2680.0,115,308200.0,1334313877.2000005
09:18:57 AM,2679.2,0,0.0,1334313877.2000005
09:18:57 AM,2679.6,1226,3285189.6,1337599066.8000004
09:18:58 AM,2678.65,949,2542038.85,1340141105.6500003
09:18:58 AM,2679.45,0,0.0,1340141105.6500003
09:18:58 AM,2679.65,112,300120.8,1340441226.4500003
09:18:58 AM,2679.75,506,1355953.5,1341797179.9500003
09:18:59 AM,2679.55,0,0.0,1341797179.9500003
09:18:59 AM,2679.55,127,340302.85000000003,1342137482.8000002
09:18:59 AM,2679.45,0,0.0,1342137482.8000002
09:19:00 AM,2678.65,648,1735765.2,1343873248.0000002
09:19:00 AM,2679.4,0,0.0,1343873248.0000002
09:19:00 AM,2679.35,2736,7330701.6,1351203949.6000001
09:19:00 AM,2679.4,0,0.0,1351203949.6000001
09:19:01 AM,2679.4,869,2328398.6,1353532348.2
09:19:01 AM,2679.4,338,905637.2000000001,1354437985.4
09:19:01 AM,2679.0,0,0.0,1354437985.4
09:19:02 AM,2679.4,268,718079.2000000001,1355156064.6000001
09:19:02 AM,2678.3,0,0.0,1355156064.6000001
09:19:02 AM,2679.35,22,58945.7,1355215010.3000002
09:19:02 AM,2679.0,0,0.0,1355215010.3000002
09:19:03 AM,2679.25,90,241132.5,1355456142.8000002
09:19:03 AM,2679.3,0,0.0,1355456142.8000002
09:19:03 AM,2679.2,446,1194923.2,1356651066.0000002
09:19:03 AM,2678.3,0,0.0,1356651066.0000002
09:19:04 AM,2678.3,55,147306.5,1356798372.5000002
09:19:04 AM,2679.0,0,0.0,1356798372.5000002
09:19:04 AM,2679.3,37,99134.1,1356897506.6000001
09:19:04 AM,2679.4,0,0.0,1356897506.6000001
09:19:05 AM,2679.4,133,356360.2,1357253866.8000002
09:19:05 AM,2679.4,51,136649.4,1357390516.2000003
09:19:05 AM,2678.65,22,58930.3,1357449446.5000002
09:19:06 AM,2679.0,0,0.0,1357449446.5000002
09:19:06 AM,2678.65,123,329473.95,1357778920.4500003
09:19:06 AM,2679.4,107,286695.8,1358065616.2500002
09:19:06 AM,2679.0,0,0.0,1358065616.2500002
09:19:07 AM,2679.4,0,0.0,1358065616.2500002
09:19:07 AM,2679.75,157,420720.75,1358486337.0000002
09:19:08 AM,2679.75,31,83072.25,1358569409.2500002
09:19:08 AM,2679.3,517,1385198.1,1359954607.3500001
09:19:08 AM,2679.95,0,0.0,1359954607.3500001
09:19:09 AM,2679.95,85,227795.74999999997,1360182403.1000001
09:19:10 AM,2679.4,0,0.0,1360182403.1000001
09:19:10 AM,2679.95,108,289434.6,1360471837.7
09:19:11 AM,2679.75,187,501113.25,1360972950.95
09:19:11 AM,2680.0,0,0.0,1360972950.95
09:19:11 AM,2679.95,23,61638.85,1361034589.8
09:19:12 AM,2679.8,97,259940.6,1361294530.3999999
09:19:12 AM,2679.95,0,0.0,1361294530.3999999
09:19:12 AM,2680.0,613,1642840.0,1362937370.3999999
09:19:12 AM,2680.85,0,0.0,1362937370.3999999
09:19:13 AM,2680.8,240,643392.0,1363580762.3999999
09:19:13 AM,2680.85,135,361914.75,1363942677.1499999
09:19:13 AM,2680.7,0,0.0,1363942677.1499999
09:19:14 AM,2680.65,71,190326.15,1364133003.3
09:19:14 AM,2679.95,473,1267616.3499999999,1365400619.6499999
09:19:14 AM,2680.85,0,0.0,1365400619.6499999
09:19:15 AM,2679.95,652,1747327.4,1367147947.05
09:19:15 AM,2680.95,438,1174256.0999999999,1368322203.1499999
09:19:15 AM,2680.15,0,0.0,1368322203.1499999
09:19:16 AM,2680.15,320,857648.0,1369179851.1499999
09:19:16 AM,2680.85,0,0.0,1369179851.1499999
09:19:16 AM,2680.0,417,1117560.0,1370297411.1499999
09:19:16 AM,2680.8,0,0.0,1370297411.1499999
09:19:17 AM,2680.0,465,1246200.0,1371543611.1499999
09:19:17 AM,2680.8,0,0.0,1371543611.1499999
09:19:17 AM,2680.8,76,203740.80000000002,1371747351.9499998
09:19:17 AM,2680.85,0,0.0,1371747351.9499998
09:19:18 AM,2681.0,164,439684.0,1372187035.9499998
09:19:18 AM,2681.0,710,1903510.0,1374090545.9499998
09:19:18 AM,2680.35,0,0.0,1374090545.9499998
09:19:19 AM,2680.35,842,2256854.6999999997,1376347400.6499999
09:19:19 AM,2680.1,268,718266.7999999999,1377065667.4499998
09:19:19 AM,2680.2,0,0.0,1377065667.4499998
09:19:20 AM,2680.35,36,96492.59999999999,1377162160.0499997
09:19:20 AM,2680.25,1640,4395610.0,1381557770.0499997
09:19:20 AM,2680.2,0,0.0,1381557770.0499997
09:19:21 AM,2680.2,46,123289.2,1381681059.2499998
09:19:21 AM,2680.25,40,107210.0,1381788269.2499998
09:19:21 AM,2681.0,0,0.0,1381788269.2499998
09:19:22 AM,2680.9,609,1632668.1,1383420937.3499997
09:19:22 AM,2680.85,447,1198339.95,1384619277.2999997
09:19:23 AM,2680.9,75,201067.5,1384820344.7999997
09:19:23 AM,2680.8,332,890025.6000000001,1385710370.3999996
09:19:23 AM,2680.05,0,0.0,1385710370.3999996
09:19:24 AM,2680.05,27,72361.35,1385782731.7499995
09:19:24 AM,2680.15,175,469026.25,1386251757.9999995
09:19:24 AM,2680.8,0,0.0,1386251757.9999995
09:19:25 AM,2680.8,314,841771.2000000001,1387093529.1999996
09:19:25 AM,2681.2,504,1351324.7999999998,1388444853.9999995
09:19:25 AM,2681.15,0,0.0,1388444853.9999995
09:19:26 AM,2680.8,35,93828.0,1388538681.9999995
09:19:26 AM,2680.0,93,249240.0,1388787921.9999995
09:19:26 AM,2681.1,0,0.0,1388787921.9999995
09:19:27 AM,2680.0,366,980880.0,1389768801.9999995
09:19:27 AM,2680.0,579,1551720.0,1391320521.9999995
09:19:28 AM,2680.0,1815,4864200.0,1396184721.9999995
09:19:28 AM,2680.3,358,959547.4,1397144269.3999996
09:19:28 AM,2680.35,0,0.0,1397144269.3999996
09:19:29 AM,2680.15,86,230492.9,1397374762.2999997
09:19:29 AM,2680.15,609,1632211.35,1399006973.6499996
09:19:29 AM,2680.0,0,0.0,1399006973.6499996
09:19:30 AM,2679.1,707,1894123.7,1400901097.3499997
09:19:30 AM,2679.05,143,383104.15,1401284201.4999998
09:19:30 AM,2680.0,0,0.0,1401284201.4999998
09:19:31 AM,2679.0,348,932292.0,1402216493.4999998
09:19:31 AM,2679.95,2709,7259984.55,1409476478.0499997
09:19:31 AM,2680.0,0,0.0,1409476478.0499997
09:19:32 AM,2679.6,460,1232616.0,1410709094.0499997
09:19:32 AM,2679.6,60,160776.0,1410869870.0499997
09:19:33 AM,2680.0,35851,96080680.0,1506950550.0499997
09:19:33 AM,2678.65,17351,46477256.15,1553427806.1999998
09:19:34 AM,2678.65,127,340188.55,1553767994.7499998
09:19:34 AM,2678.65,206,551801.9,1554319796.6499999
09:19:35 AM,2677.5,2112,5654880.0,1559974676.6499999
09:19:35 AM,2677.95,0,0.0,1559974676.6499999
09:19:35 AM,2677.95,98,262439.1,1560237115.7499998
09:19:36 AM,2677.4,0,0.0,1560237115.7499998
09:19:36 AM,2677.4,1175,3145945.0,1563383060.7499998
09:19:37 AM,2678.0,66,176748.0,1563559808.7499998
09:19:37 AM,2678.0,90,241020.0,1563800828.7499998
09:19:38 AM,2677.85,1342,3593674.6999999997,1567394503.4499998
09:19:38 AM,2677.3,0,0.0,1567394503.4499998
09:19:38 AM,2677.3,99,265052.7,1567659556.1499999
09:19:39 AM,2677.3,73,195442.90000000002,1567854999.05
09:19:39 AM,2677.3,2096,5611620.800000001,1573466619.85
09:19:40 AM,2677.3,173,463172.9,1573929792.75
09:19:40 AM,2677.3,219,586328.7000000001,1574516121.45
09:19:41 AM,2676.15,0,0.0,1574516121.45
09:19:41 AM,2676.15,161,430860.15,1574946981.6000001
09:19:41 AM,2677.0,0,0.0,1574946981.6000001
09:19:41 AM,2677.0,930,2489610.0,1577436591.6000001
09:19:42 AM,2676.55,0,0.0,1577436591.6000001
09:19:42 AM,2676.55,606,1621989.3,1579058580.9
09:19:42 AM,2677.8,0,0.0,1579058580.9
09:19:42 AM,2677.8,490,1312122.0,1580370702.9
09:19:43 AM,2677.9,0,0.0,1580370702.9
09:19:43 AM,2677.9,1055,2825184.5,1583195887.4
09:19:43 AM,2678.85,0,0.0,1583195887.4
09:19:43 AM,2678.85,753,2017174.05,1585213061.45
09:19:44 AM,2677.8,0,0.0,1585213061.45
09:19:44 AM,2677.8,351,939907.8,1586152969.25
09:19:44 AM,2677.3,0,0.0,1586152969.25
09:19:44 AM,2677.3,1142,3057476.6,1589210445.85
09:19:45 AM,2677.4,0,0.0,1589210445.85
09:19:45 AM,2677.4,59,157966.6,1589368412.4499998
09:19:45 AM,2677.3,0,0.0,1589368412.4499998
09:19:45 AM,2677.3,825,2208772.5,1591577184.9499998
09:19:46 AM,2676.05,0,0.0,1591577184.9499998
09:19:46 AM,2676.05,376,1006194.8,1592583379.7499998
09:19:46 AM,2677.3,0,0.0,1592583379.7499998
09:19:46 AM,2677.3,371,993278.3,1593576658.0499997
09:19:47 AM,2677.3,4,10709.2,1593587367.2499998
09:19:47 AM,2677.3,62,165992.6,1593753359.8499997
09:19:48 AM,2677.3,65,174024.5,1593927384.3499997
09:19:49 AM,2677.3,238,637197.4,1594564581.7499998
09:19:49 AM,2677.5,0,0.0,1594564581.7499998
09:19:49 AM,2677.5,117,313267.5,1594877849.2499998
09:19:49 AM,2678.5,0,0.0,1594877849.2499998
09:19:50 AM,2678.5,1279,3425801.5,1598303650.7499998
09:19:50 AM,2677.5,0,0.0,1598303650.7499998
09:19:50 AM,2677.5,71,190102.5,1598493753.2499998
09:19:50 AM,2678.45,0,0.0,1598493753.2499998
09:19:51 AM,2678.45,84,224989.8,1598718743.0499997
09:19:51 AM,2678.0,0,0.0,1598718743.0499997
09:19:51 AM,2678.0,267,715026.0,1599433769.0499997
09:19:51 AM,2677.55,0,0.0,1599433769.0499997
09:19:52 AM,2677.55,288,771134.4,1600204903.4499998
09:19:52 AM,2678.5,0,0.0,1600204903.4499998
09:19:52 AM,2678.5,37,99104.5,1600304007.9499998
09:19:53 AM,2678.0,97,259766.0,1600563773.9499998
09:19:53 AM,2678.8,0,0.0,1600563773.9499998
09:19:53 AM,2678.8,312,835785.6000000001,1601399559.5499997
09:19:53 AM,2677.9,0,0.0,1601399559.5499997
09:19:54 AM,2678.85,268,717931.7999999999,1602117491.3499997
09:19:54 AM,2678.85,29,77686.65,1602195177.9999998
09:19:55 AM,2678.55,0,0.0,1602195177.9999998
09:19:55 AM,2678.55,168,449996.4,1602645174.3999999
09:19:55 AM,2678.55,2,5357.1,1602650531.4999998
09:19:56 AM,2679.3,0,0.0,1602650531.4999998
09:19:56 AM,2678.2,106,283889.19999999995,1602934420.6999998
09:19:56 AM,2679.45,52,139331.4,1603073752.1
09:19:56 AM,2678.9,0,0.0,1603073752.1
09:19:57 AM,2678.9,103,275926.7,1603349678.8
09:19:57 AM,2678.9,2,5357.8,1603355036.6
09:19:57 AM,2678.35,0,0.0,1603355036.6
09:19:58 AM,2678.55,0,0.0,1603355036.6
09:19:58 AM,2678.55,98,262497.9,1603617534.5
09:19:58 AM,2678.9,127,340220.3,1603957754.8
09:19:58 AM,2679.35,14,37510.9,1603995265.7
09:19:59 AM,2678.5,0,0.0,1603995265.7
09:19:59 AM,2678.5,47,125889.5,1604121155.2
09:19:59 AM,2678.9,0,0.0,1604121155.2
09:20:00 AM,2678.9,307,822422.3,1604943577.5
09:20:00 AM,2678.5,0,0.0,1604943577.5
09:20:00 AM,2678.95,679,1819007.0499999998,1606762584.55
09:20:00 AM,2679.3,0,0.0,1606762584.55
09:20:01 AM,2679.3,266,712693.8,1607475278.35
09:20:01 AM,2679.3,30,80379.0,1607555657.35
09:20:01 AM,2679.1,0,0.0,1607555657.35
09:20:02 AM,2678.25,165,441911.25,1607997568.6
09:20:02 AM,2679.3,0,0.0,1607997568.6
09:20:02 AM,2679.3,194,519784.2,1608517352.8
09:20:02 AM,2678.5,0,0.0,1608517352.8
09:20:03 AM,2678.5,57465,153920002.5,1762437355.3
09:20:03 AM,2678.9,2,5357.8,1762442713.1
09:20:03 AM,2678.75,0,0.0,1762442713.1
09:20:04 AM,2677.35,944,2527418.4,1764970131.5
09:20:04 AM,2678.2,31,83024.2,1765053155.7
09:20:04 AM,2678.0,0,0.0,1765053155.7
09:20:05 AM,2678.1,81,216926.1,1765270081.8
09:20:05 AM,2676.9,5061,13547790.9,1778817872.7
09:20:05 AM,2677.05,0,0.0,1778817872.7
09:20:06 AM,2677.05,59,157945.95,1778975818.65
09:20:06 AM,2676.05,143,382675.15,1779358493.8000002
09:20:06 AM,2677.05,0,0.0,1779358493.8000002
09:20:07 AM,2675.9,296,792066.4,1780150560.2000003
09:20:07 AM,2676.95,0,0.0,1780150560.2000003
09:20:07 AM,2676.1,79,211411.9,1780361972.1000004
09:20:07 AM,2676.05,0,0.0,1780361972.1000004
09:20:08 AM,2675.95,899,2405679.05,1782767651.1500003
09:20:08 AM,2676.8,0,0.0,1782767651.1500003
09:20:08 AM,2676.8,93,248942.40000000002,1783016593.5500004
09:20:08 AM,2676.95,0,0.0,1783016593.5500004
09:20:09 AM,2676.75,498,1333021.5,1784349615.0500004
09:20:09 AM,2675.85,0,0.0,1784349615.0500004
09:20:09 AM,2676.8,284,760211.2000000001,1785109826.2500005
09:20:09 AM,2675.55,0,0.0,1785109826.2500005
09:20:10 AM,2676.05,1430,3826751.5000000005,1788936577.7500005
09:20:10 AM,2675.9,0,0.0,1788936577.7500005
09:20:10 AM,2675.6,2671,7146527.6,1796083105.3500004
09:20:10 AM,2674.9,0,0.0,1796083105.3500004
09:20:11 AM,2676.3,1763,4718316.9,1800801422.2500005
09:20:11 AM,2674.85,0,0.0,1800801422.2500005
09:20:11 AM,2676.15,0,0.0,1800801422.2500005
09:20:12 AM,2676.15,1105,2957145.75,1803758568.0000005
09:20:12 AM,2676.0,0,0.0,1803758568.0000005
09:20:12 AM,2676.15,1747,4675234.05,1808433802.0500004
09:20:12 AM,2676.3,0,0.0,1808433802.0500004
09:20:13 AM,2676.25,311,832313.75,1809266115.8000004
09:20:13 AM,2677.1,0,0.0,1809266115.8000004
09:20:13 AM,2677.1,318,851317.7999999999,1810117433.6000004
09:20:13 AM,2676.75,0,0.0,1810117433.6000004
09:20:14 AM,2676.75,685,1833573.75,1811951007.3500004
09:20:14 AM,2676.8,0,0.0,1811951007.3500004
09:20:14 AM,2676.8,47,125809.6,1812076816.9500003
09:20:14 AM,2677.75,0,0.0,1812076816.9500003
09:20:15 AM,2677.75,1170,3132967.5,1815209784.4500003
09:20:15 AM,2678.35,0,0.0,1815209784.4500003
09:20:15 AM,2677.2,248,663945.6,1815873730.0500002
09:20:15 AM,2678.3,0,0.0,1815873730.0500002
09:20:16 AM,2678.3,46,123201.8,1815996931.8500001
09:20:16 AM,2677.25,0,0.0,1815996931.8500001
09:20:16 AM,2677.25,173,463164.25,1816460096.1000001
09:20:16 AM,2678.1,0,0.0,1816460096.1000001
09:20:17 AM,2678.8,466,1248320.8,1817708416.9
09:20:17 AM,2678.9,0,0.0,1817708416.9
09:20:17 AM,2678.9,310,830459.0,1818538875.9
09:20:17 AM,2677.7,0,0.0,1818538875.9
09:20:18 AM,2677.7,16,42843.2,1818581719.1000001
09:20:18 AM,2678.55,0,0.0,1818581719.1000001
09:20:19 AM,2678.55,11,29464.050000000003,1818611183.15
09:20:19 AM,2677.7,0,0.0,1818611183.15
09:20:19 AM,2677.5,185,495337.5,1819106520.65
09:20:19 AM,2678.65,0,0.0,1819106520.65
09:20:20 AM,2677.55,88,235624.40000000002,1819342145.0500002
09:20:20 AM,2677.55,55,147265.25,1819489410.3000002
09:20:20 AM,2677.75,0,0.0,1819489410.3000002
09:20:21 AM,2677.75,25,66943.75,1819556354.0500002
09:20:21 AM,2677.3,15,40159.5,1819596513.5500002
09:20:21 AM,2677.75,0,0.0,1819596513.5500002
09:20:22 AM,2677.75,186,498061.5,1820094575.0500002
09:20:22 AM,2678.0,0,0.0,1820094575.0500002
09:20:22 AM,2678.0,53,141934.0,1820236509.0500002
09:20:22 AM,2678.15,0,0.0,1820236509.0500002
09:20:23 AM,2678.0,47,125866.0,1820362375.0500002
09:20:23 AM,2678.0,39,104442.0,1820466817.0500002
09:20:24 AM,2678.15,69,184792.35,1820651609.4
09:20:24 AM,2678.0,0,0.0,1820651609.4
09:20:25 AM,2677.75,1185,3173133.75,1823824743.15
09:20:25 AM,2678.1,48,128548.79999999999,1823953291.95
09:20:25 AM,2677.3,0,0.0,1823953291.95
09:20:25 AM,2677.3,23,61577.9,1824014869.8500001
09:20:26 AM,2677.9,0,0.0,1824014869.8500001
09:20:26 AM,2677.3,57,152606.1,1824167475.95
09:20:26 AM,2677.8,0,0.0,1824167475.95
09:20:27 AM,2677.05,342,915551.1000000001,1825083027.05
09:20:27 AM,2677.05,2,5354.1,1825088381.1499999
09:20:27 AM,2677.9,0,0.0,1825088381.1499999
09:20:28 AM,2677.05,287,768313.3500000001,1825856694.4999998
09:20:28 AM,2677.05,5,13385.25,1825870079.7499998
09:20:28 AM,2677.9,0,0.0,1825870079.7499998
09:20:29 AM,2677.15,183,489918.45,1826359998.1999998
09:20:29 AM,2677.2,15,40158.0,1826400156.1999998
09:20:29 AM,2678.35,0,0.0,1826400156.1999998
09:20:30 AM,2677.35,239,639886.65,1827040042.85
09:20:30 AM,2678.35,0,0.0,1827040042.85
09:20:30 AM,2677.95,0,0.0,1827040042.85
09:20:31 AM,2678.0,293,784654.0,1827824696.85
09:20:31 AM,2678.35,0,0.0,1827824696.85
09:20:31 AM,2678.0,44,117832.0,1827942528.85
09:20:32 AM,2677.8,91,243679.80000000002,1828186208.6499999
09:20:32 AM,2677.8,5,13389.0,1828199597.6499999
09:20:32 AM,2678.0,0,0.0,1828199597.6499999
09:20:32 AM,2678.35,0,0.0,1828199597.6499999
09:20:33 AM,2678.4,237,634780.8,1828834378.4499998
09:20:33 AM,2678.4,2,5356.8,1828839735.2499998
09:20:33 AM,2678.1,0,0.0,1828839735.2499998
09:20:33 AM,2678.25,0,0.0,1828839735.2499998
09:20:34 AM,2678.0,333,891774.0,1829731509.2499998
09:20:34 AM,2678.15,30,80344.5,1829811853.7499998
09:20:34 AM,2678.25,0,0.0,1829811853.7499998
09:20:35 AM,2678.25,439,1175751.75,1830987605.4999998
09:20:35 AM,2677.9,0,0.0,1830987605.4999998
09:20:36 AM,2678.0,0,0.0,1830987605.4999998
09:20:36 AM,2678.0,142,380276.0,1831367881.4999998
09:20:36 AM,2678.2,0,0.0,1831367881.4999998
09:20:37 AM,2678.0,209,559702.0,1831927583.4999998
09:20:37 AM,2678.15,10,26781.5,1831954364.9999998
09:20:37 AM,2678.2,0,0.0,1831954364.9999998
09:20:38 AM,2678.25,0,0.0,1831954364.9999998
09:20:38 AM,2678.25,303,811509.75,1832765874.7499998
09:20:38 AM,2678.3,3,8034.900000000001,1832773909.6499999
09:20:39 AM,2678.2,0,0.0,1832773909.6499999
09:20:39 AM,2678.2,63,168726.59999999998,1832942636.2499998
09:20:39 AM,2678.0,83,222274.0,1833164910.2499998
09:20:40 AM,2678.0,143,382954.0,1833547864.2499998
09:20:40 AM,2678.0,1166,3122548.0,1836670412.2499998
09:20:40 AM,2677.75,5,13388.75,1836683800.9999998
09:20:40 AM,2677.2,0,0.0,1836683800.9999998
09:20:41 AM,2677.2,8,21417.6,1836705218.5999997
09:20:41 AM,2676.05,0,0.0,1836705218.5999997
09:20:41 AM,2676.95,1744,4668600.8,1841373819.3999996
09:20:42 AM,2676.85,0,0.0,1841373819.3999996
09:20:42 AM,2676.85,87,232885.94999999998,1841606705.3499997
09:20:42 AM,2676.85,58,155257.3,1841761962.6499996
09:20:43 AM,2675.8,0,0.0,1841761962.6499996
09:20:43 AM,2675.8,10751,28767525.8,1870529488.4499996
09:20:43 AM,2675.4,0,0.0,1870529488.4499996
09:20:44 AM,2675.4,12,32104.800000000003,1870561593.2499995
09:20:44 AM,2675.35,0,0.0,1870561593.2499995
09:20:44 AM,2675.4,48,128419.20000000001,1870690012.4499996
09:20:45 AM,2675.2,0,0.0,1870690012.4499996
09:20:45 AM,2675.2,12,32102.399999999998,1870722114.8499997
09:20:45 AM,2674.5,0,0.0,1870722114.8499997
09:20:45 AM,2675.0,2193,5866275.0,1876588389.8499997
09:20:46 AM,2674.55,0,0.0,1876588389.8499997
09:20:46 AM,2674.55,158,422578.9,1877010968.7499998
09:20:46 AM,2674.55,2,5349.1,1877016317.8499997
09:20:47 AM,2675.45,0,0.0,1877016317.8499997
09:20:47 AM,2674.25,0,0.0,1877016317.8499997
09:20:47 AM,2675.45,736,1969131.2,1878985449.0499997
09:20:47 AM,2675.45,10,26754.5,1879012203.5499997
09:20:48 AM,2675.45,5,13377.25,1879025580.7999997
09:20:48 AM,2674.75,0,0.0,1879025580.7999997
09:20:48 AM,2675.25,1530,4093132.5,1883118713.2999997
09:20:49 AM,2675.0,0,0.0,1883118713.2999997
09:20:49 AM,2674.65,300,802395.0,1883921108.2999997
09:20:50 AM,2675.0,0,0.0,1883921108.2999997
09:20:50 AM,2675.0,1351,3613925.0,1887535033.2999997
09:20:50 AM,2675.0,129,345075.0,1887880108.2999997
09:20:51 AM,2675.45,0,0.0,1887880108.2999997
09:20:51 AM,2675.45,356,952460.2,1888832568.4999998
09:20:51 AM,2674.6,766,2048743.5999999999,1890881312.0999997
09:20:52 AM,2675.45,0,0.0,1890881312.0999997
09:20:52 AM,2675.45,104,278246.8,1891159558.8999996
09:20:53 AM,2675.85,373,998092.0499999999,1892157650.9499996
09:20:53 AM,2675.0,87,232725.0,1892390375.9499996
09:20:53 AM,2675.45,0,0.0,1892390375.9499996
09:20:54 AM,2675.35,0,0.0,1892390375.9499996
09:20:54 AM,2675.35,466,1246713.0999999999,1893637089.0499995
09:20:54 AM,2675.0,0,0.0,1893637089.0499995
09:20:54 AM,2675.0,58,155150.0,1893792239.0499995
09:20:55 AM,2675.45,0,0.0,1893792239.0499995
09:20:55 AM,2675.45,189,505660.05,1894297899.0999994
09:20:55 AM,2675.45,1,2675.45,1894300574.5499995
09:20:56 AM,2675.6,0,0.0,1894300574.5499995
09:20:56 AM,2674.5,350,936075.0,1895236649.5499995
09:20:56 AM,2675.8,1012,2707909.6,1897944559.1499994
09:20:57 AM,2676.0,0,0.0,1897944559.1499994
09:20:57 AM,2675.7,14,37459.799999999996,1897982018.9499993
09:20:58 AM,2675.9,0,0.0,1897982018.9499993
09:20:58 AM,2675.7,102,272921.39999999997,1898254940.3499994
09:20:58 AM,2675.65,0,0.0,1898254940.3499994
09:20:58 AM,2675.8,70,187306.0,1898442246.3499994
09:20:59 AM,2675.9,0,0.0,1898442246.3499994
09:20:59 AM,2675.25,62,165865.5,1898608111.8499994
09:21:00 AM,2675.9,0,0.0,1898608111.8499994
09:21:00 AM,2675.1,372,995137.2,1899603249.0499995
09:21:00 AM,2675.9,0,0.0,1899603249.0499995
09:21:00 AM,2675.3,1142,3055192.6,1902658441.6499994
09:21:01 AM,2675.9,0,0.0,1902658441.6499994
09:21:01 AM,2675.9,264,706437.6,1903364879.2499993
09:21:01 AM,2675.9,7,18731.3,1903383610.5499992
09:21:02 AM,2675.05,0,0.0,1903383610.5499992
09:21:02 AM,2675.05,58,155152.90000000002,1903538763.4499993
09:21:02 AM,2675.9,0,0.0,1903538763.4499993
09:21:02 AM,2675.9,110,294349.0,1903833112.4499993
09:21:03 AM,2675.15,19,50827.85,1903883940.2999992
09:21:03 AM,2675.9,13,34786.700000000004,1903918726.9999993
09:21:04 AM,2675.45,0,0.0,1903918726.9999993
09:21:04 AM,2675.0,40,107000.0,1904025726.9999993
09:21:05 AM,2675.75,0,0.0,1904025726.9999993
09:21:05 AM,2675.25,97,259499.25,1904285226.2499993
09:21:05 AM,2675.25,489,1308197.25,1905593423.4999993
09:21:06 AM,2675.75,0,0.0,1905593423.4999993
09:21:06 AM,2675.75,177,473607.75,1906067031.2499993
09:21:06 AM,2675.75,1,2675.75,1906069706.9999993
09:21:07 AM,2675.25,0,0.0,1906069706.9999993
09:21:07 AM,2675.25,195,521673.75,1906591380.7499993
09:21:07 AM,2675.75,9,24081.75,1906615462.4999993
09:21:08 AM,2675.3,266,711629.8,1907327092.2999992
09:21:08 AM,2675.3,3,8025.900000000001,1907335118.1999993
09:21:09 AM,2675.25,0,0.0,1907335118.1999993
09:21:09 AM,2675.75,22,58866.5,1907393984.6999993
09:21:09 AM,2676.2,105,281001.0,1907674985.6999993
09:21:10 AM,2675.75,76,203357.0,1907878342.6999993
09:21:10 AM,2676.2,101,270296.19999999995,1908148638.8999994
09:21:11 AM,2675.9,0,0.0,1908148638.8999994
09:21:11 AM,2675.9,53,141822.7,1908290461.5999994
09:21:11 AM,2675.75,92,246169.0,1908536630.5999994
09:21:12 AM,2676.2,14,37466.799999999996,1908574097.3999994
09:21:12 AM,2675.7,0,0.0,1908574097.3999994
09:21:12 AM,2676.2,32,85638.4,1908659735.7999995
09:21:13 AM,2676.2,68,181981.59999999998,1908841717.3999994
09:21:13 AM,2676.4,0,0.0,1908841717.3999994
09:21:13 AM,2675.75,55,147166.25,1908988883.6499994
09:21:14 AM,2675.7,51,136460.69999999998,1909125344.3499994
09:21:14 AM,2675.65,0,0.0,1909125344.3499994
09:21:14 AM,2676.2,53,141838.59999999998,1909267182.9499993
09:21:15 AM,2676.55,0,0.0,1909267182.9499993
09:21:15 AM,2676.55,112,299773.60000000003,1909566956.5499992
09:21:16 AM,2676.2,5,13381.0,1909580337.5499992
09:21:16 AM,2676.0,365,976740.0,1910557077.5499992
09:21:17 AM,2676.0,64,171264.0,1910728341.5499992
09:21:17 AM,2676.4,0,0.0,1910728341.5499992
09:21:17 AM,2676.95,1216,3255171.1999999997,1913983512.7499993
09:21:18 AM,2676.0,2,5352.0,1913988864.7499993
09:21:18 AM,2675.8,0,0.0,1913988864.7499993
09:21:18 AM,2675.8,51,136465.80000000002,1914125330.5499992
09:21:19 AM,2676.35,0,0.0,1914125330.5499992
09:21:19 AM,2676.35,1,2676.35,1914128006.8999991
09:21:19 AM,2676.0,0,0.0,1914128006.8999991
09:21:19 AM,2676.1,498,1332697.8,1915460704.699999
09:21:20 AM,2675.8,0,0.0,1915460704.699999
09:21:20 AM,2675.8,2,5351.6,1915466056.299999
09:21:20 AM,2676.0,0,0.0,1915466056.299999
09:21:20 AM,2676.0,75,200700.0,1915666756.299999
09:21:21 AM,2676.0,5,13380.0,1915680136.299999
09:21:21 AM,2675.95,54,144501.3,1915824637.599999
09:21:22 AM,2675.95,210,561949.5,1916386587.099999
09:21:22 AM,2675.75,169,452201.75,1916838788.849999
09:21:23 AM,2675.05,0,0.0,1916838788.849999
09:21:23 AM,2675.05,39,104326.95000000001,1916943115.799999
09:21:23 AM,2675.05,5,13375.25,1916956491.049999
09:21:23 AM,2675.0,0,0.0,1916956491.049999
09:21:24 AM,2675.0,298,797150.0,1917753641.049999
09:21:24 AM,2675.95,478,1279104.0999999999,1919032745.149999
09:21:25 AM,2677.1,0,0.0,1919032745.149999
09:21:25 AM,2677.1,2675,7161242.5,1926193987.649999
09:21:25 AM,2676.45,0,0.0,1926193987.649999
09:21:25 AM,2676.45,133,355967.85,1926549955.4999988
09:21:26 AM,2676.45,150,401467.5,1926951422.9999988
09:21:26 AM,2676.45,523,1399783.3499999999,1928351206.3499987
09:21:26 AM,2676.45,3,8029.349999999999,1928359235.6999986
09:21:27 AM,2675.5,47,125748.5,1928484984.1999986
09:21:27 AM,2675.5,4,10702.0,1928495686.1999986
09:21:28 AM,2675.5,1,2675.5,1928498361.6999986
09:21:28 AM,2676.2,0,0.0,1928498361.6999986
09:21:28 AM,2676.35,109,291722.14999999997,1928790083.8499987
09:21:29 AM,2675.3,0,0.0,1928790083.8499987
09:21:29 AM,2676.3,133,355947.9,1929146031.7499988
09:21:30 AM,2676.45,0,0.0,1929146031.7499988
09:21:30 AM,2677.0,0,0.0,1929146031.7499988
09:21:30 AM,2677.25,542,1451069.5,1930597101.2499988
09:21:30 AM,2677.0,107,286439.0,1930883540.2499988
09:21:31 AM,2677.0,109,291793.0,1931175333.2499988
09:21:32 AM,2677.6,0,0.0,1931175333.2499988
09:21:32 AM,2677.05,0,0.0,1931175333.2499988
09:21:32 AM,2677.05,139,372109.95,1931547443.1999989
09:21:33 AM,2677.15,0,0.0,1931547443.1999989
09:21:33 AM,2677.0,0,0.0,1931547443.1999989
09:21:33 AM,2677.5,660,1767150.0,1933314593.1999989
09:21:34 AM,2676.45,0,0.0,1933314593.1999989
09:21:34 AM,2677.45,632,1692148.4,1935006741.599999
09:21:34 AM,2677.15,1,2677.15,1935009418.749999
09:21:35 AM,2677.5,272,728280.0,1935737698.749999
09:21:36 AM,2677.15,0,0.0,1935737698.749999
09:21:36 AM,2677.45,35,93710.75,1935831409.499999
09:21:36 AM,2677.15,10,26771.5,1935858180.999999
09:21:37 AM,2677.45,0,0.0,1935858180.999999
09:21:38 AM,2677.15,0,0.0,1935858180.999999
09:21:38 AM,2677.15,111,297163.65,1936155344.6499991
09:21:38 AM,2677.0,133,356041.0,1936511385.6499991
09:21:39 AM,2677.4,0,0.0,1936511385.6499991
09:21:39 AM,2677.4,129,345384.60000000003,1936856770.249999
09:21:39 AM,2677.15,5,13385.75,1936870155.999999
09:21:40 AM,2677.1,0,0.0,1936870155.999999
09:21:40 AM,2676.95,0,0.0,1936870155.999999
09:21:40 AM,2676.95,140,374773.0,1937244928.999999
09:21:40 AM,2676.95,2,5353.9,1937250282.8999991
09:21:41 AM,2676.45,0,0.0,1937250282.8999991
09:21:41 AM,2676.45,52,139175.4,1937389458.2999992
09:21:42 AM,2676.95,0,0.0,1937389458.2999992
09:21:42 AM,2677.1,0,0.0,1937389458.2999992
09:21:42 AM,2677.1,1404,3758648.4,1941148106.6999993
09:21:42 AM,2677.1,20,53542.0,1941201648.6999993
09:21:43 AM,2676.45,0,0.0,1941201648.6999993
09:21:43 AM,2676.45,441,1180314.45,1942381963.1499994
09:21:43 AM,2677.1,30,80313.0,1942462276.1499994
09:21:44 AM,2676.45,0,0.0,1942462276.1499994
09:21:44 AM,2677.1,0,0.0,1942462276.1499994
09:21:44 AM,2676.95,186,497912.69999999995,1942960188.8499994
09:21:45 AM,2676.45,23,61558.35,1943021747.1999993
09:21:46 AM,2676.95,0,0.0,1943021747.1999993
09:21:46 AM,2676.3,142,380034.60000000003,1943401781.7999992
09:21:46 AM,2676.95,10,26769.5,1943428551.2999992
09:21:47 AM,2676.3,0,0.0,1943428551.2999992
09:21:47 AM,2676.3,14,37468.200000000004,1943466019.4999993
09:21:48 AM,2677.1,0,0.0,1943466019.4999993
09:21:48 AM,2676.3,0,0.0,1943466019.4999993
09:21:48 AM,2676.1,3215,8603661.5,1952069680.9999993
09:21:48 AM,2676.3,15,40144.5,1952109825.4999993
09:21:48 AM,2676.3,1,2676.3,1952112501.7999992
09:21:49 AM,2677.0,0,0.0,1952112501.7999992
09:21:49 AM,2676.7,0,0.0,1952112501.7999992
09:21:49 AM,2676.6,1563,4183525.8,1956296027.5999992
09:21:50 AM,2676.05,38,101689.90000000001,1956397717.4999993
09:21:51 AM,2676.7,0,0.0,1956397717.4999993
09:21:51 AM,2675.7,446,1193362.2,1957591079.6999993
09:21:51 AM,2676.55,1,2676.55,1957593756.2499993
09:21:52 AM,2676.6,0,0.0,1957593756.2499993
09:21:52 AM,2676.6,74,198068.4,1957791824.6499994
09:21:52 AM,2676.6,10,26766.0,1957818590.6499994
09:21:53 AM,2676.5,120,321180.0,1958139770.6499994
09:21:54 AM,2676.6,0,0.0,1958139770.6499994
09:21:54 AM,2676.05,138,369294.9,1958509065.5499995
09:21:54 AM,2676.05,3,8028.150000000001,1958517093.6999996
09:21:55 AM,2675.55,0,0.0,1958517093.6999996
09:21:55 AM,2675.1,2432,6505843.2,1965022936.8999996
09:21:55 AM,2675.9,36,96332.40000000001,1965119269.2999997
09:21:56 AM,2675.8,176,470940.80000000005,1965590210.0999997
09:21:56 AM,2675.9,1,2675.9,1965592885.9999998
09:21:57 AM,2676.05,0,0.0,1965592885.9999998
09:21:57 AM,2675.7,848,2268993.5999999996,1967861879.5999997
09:21:58 AM,2675.1,14,37451.4,1967899330.9999998
09:21:58 AM,2675.7,7,18729.899999999998,1967918060.8999999
09:21:59 AM,2675.85,0,0.0,1967918060.8999999
09:21:59 AM,2675.05,653,1746807.6500000001,1969664868.55
09:21:59 AM,2674.75,994,2658701.5,1972323570.05
09:22:00 AM,2674.95,0,0.0,1972323570.05
09:22:00 AM,2674.95,179,478816.05,1972802386.1
09:22:00 AM,2674.95,15,40124.25,1972842510.35
09:22:01 AM,2675.0,0,0.0,1972842510.35
09:22:01 AM,2674.95,560,1497972.0,1974340482.35
09:22:01 AM,2674.1,1,2674.1,1974343156.4499998
09:22:02 AM,2674.3,0,0.0,1974343156.4499998
09:22:02 AM,2675.15,0,0.0,1974343156.4499998
09:22:02 AM,2675.05,3696,9886984.8,1984230141.2499998
09:22:02 AM,2675.15,76,203311.4,1984433452.6499999
09:22:03 AM,2674.5,0,0.0,1984433452.6499999
09:22:03 AM,2674.55,1283,3431447.6500000004,1987864900.3
09:22:04 AM,2675.7,0,0.0,1987864900.3
09:22:04 AM,2676.3,525,1405057.5,1989269957.8
09:22:05 AM,2675.8,35,93653.0,1989363610.8
09:22:05 AM,2676.0,0,0.0,1989363610.8
09:22:06 AM,2675.1,0,0.0,1989363610.8
09:22:06 AM,2676.05,239,639575.9500000001,1990003186.75
09:22:06 AM,2676.3,0,0.0,1990003186.75
09:22:07 AM,2675.35,0,0.0,1990003186.75
09:22:07 AM,2675.5,115,307682.5,1990310869.25
09:22:07 AM,2675.5,78,208689.0,1990519558.25
09:22:08 AM,2676.1,0,0.0,1990519558.25
09:22:08 AM,2676.1,1536,4110489.5999999996,1994630047.85
09:22:08 AM,2676.0,0,0.0,1994630047.85
09:22:08 AM,2676.0,10,26760.0,1994656807.85
09:22:08 AM,2676.0,55,147180.0,1994803987.85
09:22:09 AM,2676.3,0,0.0,1994803987.85
09:22:09 AM,2676.3,327,875150.1000000001,1995679137.9499998
09:22:09 AM,2676.3,176,471028.80000000005,1996150166.7499998
09:22:10 AM,2676.1,0,0.0,1996150166.7499998
09:22:10 AM,2676.1,81,216764.1,1996366930.8499997
09:22:10 AM,2676.65,377,1009097.05,1997376027.8999996
09:22:11 AM,2675.6,0,0.0,1997376027.8999996
09:22:11 AM,2676.2,78,208743.59999999998,1997584771.4999995
09:22:12 AM,2676.25,0,0.0,1997584771.4999995
09:22:12 AM,2676.2,306,818917.2,1998403688.6999996
09:22:13 AM,2676.25,0,0.0,1998403688.6999996
09:22:13 AM,2676.25,37,99021.25,1998502709.9499996
09:22:13 AM,2676.2,0,0.0,1998502709.9499996
09:22:13 AM,2676.25,276,738645.0,1999241354.9499996
09:22:14 AM,2676.75,844,2259177.0,2001500531.9499996
09:22:14 AM,2676.75,19,50858.25,2001551390.1999996
09:22:15 AM,2675.8,69,184630.2,2001736020.3999996
09:22:15 AM,2676.55,7,18735.850000000002,2001754756.2499995
09:22:16 AM,2676.75,347,928832.25,2002683588.4999995
09:22:16 AM,2676.75,2,5353.5,2002688941.9999995
09:22:17 AM,2676.75,44,117777.0,2002806718.9999995
09:22:17 AM,2676.75,14,37474.5,2002844193.4999995
09:22:18 AM,2676.7,0,0.0,2002844193.4999995
09:22:18 AM,2676.75,115,307826.25,2003152019.7499995
09:22:19 AM,2676.15,78,208739.7,2003360759.4499996
09:22:20 AM,2676.25,59,157898.75,2003518658.1999996
09:22:20 AM,2676.25,1,2676.25,2003521334.4499996
09:22:21 AM,2676.75,0,0.0,2003521334.4499996
09:22:21 AM,2676.15,145,388041.75,2003909376.1999996
09:22:21 AM,2676.1,795,2127499.5,2006036875.6999996
09:22:22 AM,2676.05,1184,3168443.2,2009205318.8999996
09:22:22 AM,2676.1,26,69578.59999999999,2009274897.4999995
09:22:23 AM,2676.0,0,0.0,2009274897.4999995
09:22:23 AM,2675.05,549,1468602.4500000002,2010743499.9499996
09:22:24 AM,2675.85,0,0.0,2010743499.9499996
09:22:24 AM,2676.0,810,2167560.0,2012911059.9499996
09:22:24 AM,2675.95,55,147177.25,2013058237.1999996
09:22:25 AM,2676.05,0,0.0,2013058237.1999996
09:22:25 AM,2675.35,0,0.0,2013058237.1999996
09:22:25 AM,2675.35,163,436082.05,2013494319.2499995
09:22:25 AM,2676.05,30,80281.5,2013574600.7499995
09:22:26 AM,2676.75,0,0.0,2013574600.7499995
09:22:26 AM,2676.95,0,0.0,2013574600.7499995
09:22:26 AM,2676.95,1743,4665923.85,2018240524.5999994
09:22:27 AM,2676.8,0,0.0,2018240524.5999994
09:22:27 AM,2677.45,0,0.0,2018240524.5999994
09:22:27 AM,2677.45,351,939784.95,2019180309.5499995
09:22:27 AM,2677.45,121,323971.44999999995,2019504280.9999995
09:22:28 AM,2677.45,346,926397.7,2020430678.6999996
09:22:28 AM,2677.2,4,10708.8,2020441387.4999995
09:22:29 AM,2677.15,0,0.0,2020441387.4999995
09:22:29 AM,2677.1,0,0.0,2020441387.4999995
09:22:29 AM,2677.1,23,61573.299999999996,2020502960.7999995
09:22:29 AM,2677.1,3,8031.299999999999,2020510992.0999994
09:22:30 AM,2677.45,0,0.0,2020510992.0999994
09:22:30 AM,2677.45,186,498005.69999999995,2021008997.7999995
09:22:31 AM,2677.1,0,0.0,2021008997.7999995
09:22:31 AM,2677.45,0,0.0,2021008997.7999995
09:22:31 AM,2677.45,29,77646.04999999999,2021086643.8499994
09:22:31 AM,2677.1,1,2677.1,2021089320.9499993
09:22:32 AM,2677.45,0,0.0,2021089320.9499993
09:22:32 AM,2677.3,0,0.0,2021089320.9499993
09:22:32 AM,2677.45,23,61581.35,2021150902.2999992
09:22:33 AM,2677.3,166,444431.80000000005,2021595334.0999992
09:22:34 AM,2677.3,121,323953.30000000005,2021919287.3999991
09:22:34 AM,2677.3,11,29450.300000000003,2021948737.699999
09:22:35 AM,2677.45,0,0.0,2021948737.699999
09:22:35 AM,2677.3,0,0.0,2021948737.699999
09:22:35 AM,2677.3,128,342694.4,2022291432.0999992
09:22:35 AM,2677.45,42,112452.9,2022403884.9999993
09:22:36 AM,2677.4,0,0.0,2022403884.9999993
09:22:36 AM,2677.45,0,0.0,2022403884.9999993
09:22:36 AM,2677.45,502,1344079.9,2023747964.8999994
09:22:36 AM,2678.0,15,40170.0,2023788134.8999994
09:22:37 AM,2677.6,0,0.0,2023788134.8999994
09:22:37 AM,2678.0,209,559702.0,2024347836.8999994
09:22:37 AM,2678.0,1,2678.0,2024350514.8999994
09:22:38 AM,2678.35,0,0.0,2024350514.8999994
09:22:38 AM,2677.7,0,0.0,2024350514.8999994
09:22:38 AM,2678.4,332,889228.8,2025239743.6999993
09:22:39 AM,2678.35,0,0.0,2025239743.6999993
09:22:39 AM,2677.7,0,0.0,2025239743.6999993
09:22:39 AM,2678.35,99,265156.64999999997,2025504900.3499994
09:22:40 AM,2678.3,53,141949.90000000002,2025646850.2499995
09:22:41 AM,2678.2,0,0.0,2025646850.2499995
09:22:41 AM,2678.1,0,0.0,2025646850.2499995
09:22:41 AM,2678.1,46,123192.59999999999,2025770042.8499994
09:22:42 AM,2678.0,0,0.0,2025770042.8499994
09:22:42 AM,2678.1,0,0.0,2025770042.8499994
09:22:42 AM,2678.1,43,115158.3,2025885201.1499994
09:22:43 AM,2678.0,0,0.0,2025885201.1499994
09:22:43 AM,2678.45,817,2188293.65,2028073494.7999995
09:22:44 AM,2678.1,0,0.0,2028073494.7999995
09:22:44 AM,2679.05,0,0.0,2028073494.7999995
09:22:44 AM,2679.05,1478,3959635.9000000004,2032033130.6999996
09:22:45 AM,2678.45,0,0.0,2032033130.6999996
09:22:45 AM,2678.0,0,0.0,2032033130.6999996
09:22:45 AM,2678.7,398,1066122.5999999999,2033099253.2999995
09:22:45 AM,2678.7,1,2678.7,2033101931.9999995
09:22:46 AM,2678.7,64,171436.8,2033273368.7999995
09:22:47 AM,2678.55,0,0.0,2033273368.7999995
09:22:47 AM,2678.0,0,0.0,2033273368.7999995
09:22:47 AM,2678.65,120,321438.0,2033594806.7999995
09:22:48 AM,2678.55,0,0.0,2033594806.7999995
09:22:48 AM,2678.55,39,104463.45000000001,2033699270.2499995
09:22:49 AM,2678.5,0,0.0,2033699270.2499995
09:22:49 AM,2678.5,1,2678.5,2033701948.7499995
09:22:49 AM,2678.75,0,0.0,2033701948.7499995
09:22:50 AM,2678.1,1437,3848429.6999999997,2037550378.4499996
09:22:50 AM,2678.75,509,1363483.75,2038913862.1999996
09:22:51 AM,2678.05,260,696293.0,2039610155.1999996
09:22:51 AM,2678.75,0,0.0,2039610155.1999996
09:22:52 AM,2678.45,0,0.0,2039610155.1999996
09:22:52 AM,2678.45,29,77675.04999999999,2039687830.2499995
09:22:52 AM,2678.4,0,0.0,2039687830.2499995
09:22:53 AM,2678.05,0,0.0,2039687830.2499995
09:22:53 AM,2678.05,691,1850532.55,2041538362.7999995
09:22:53 AM,2678.4,11,29462.4,2041567825.1999996
09:22:53 AM,2678.0,0,0.0,2041567825.1999996
09:22:54 AM,2677.35,0,0.0,2041567825.1999996
09:22:54 AM,2677.2,1727,4623524.399999999,2046191349.5999997
09:22:54 AM,2677.0,166,444382.0,2046635731.5999997
09:22:55 AM,2677.15,0,0.0,2046635731.5999997
09:22:55 AM,2676.8,48,128486.40000000001,2046764217.9999998
09:22:55 AM,2677.15,5,13385.75,2046777603.7499998
09:22:55 AM,2676.8,0,0.0,2046777603.7499998
09:22:56 AM,2676.6,258,690562.7999999999,2047468166.5499997
09:22:56 AM,2676.75,0,0.0,2047468166.5499997
09:22:57 AM,2676.75,29,77625.75,2047545792.2999997
09:22:57 AM,2676.3,4,10705.2,2047556497.4999998
09:22:58 AM,2676.3,261,698514.3,2048255011.7999997
09:22:58 AM,2676.3,2,5352.6,2048260364.3999996
09:22:59 AM,2676.5,0,0.0,2048260364.3999996
09:22:59 AM,2676.0,806,2156856.0,2050417220.3999996
09:23:00 AM,2676.05,0,0.0,2050417220.3999996
09:23:00 AM,2676.05,482,1289856.1,2051707076.4999995
09:23:00 AM,2675.35,0,0.0,2051707076.4999995
09:23:00 AM,2676.05,6,16056.300000000001,2051723132.7999995
09:23:01 AM,2675.95,0,0.0,2051723132.7999995
09:23:01 AM,2675.25,346,925636.5,2052648769.2999995
09:23:01 AM,2675.35,0,0.0,2052648769.2999995
09:23:01 AM,2675.35,2,5350.7,2052654119.9999995
09:23:02 AM,2676.3,0,0.0,2052654119.9999995
09:23:02 AM,2675.15,1651,4416672.65,2057070792.6499996
09:23:02 AM,2675.3,0,0.0,2057070792.6499996
09:23:02 AM,2676.15,1537,4113242.5500000003,2061184035.1999996
09:23:03 AM,2675.3,0,0.0,2061184035.1999996
09:23:03 AM,2676.1,615,1645801.5,2062829836.6999996
09:23:03 AM,2675.3,161,430723.30000000005,2063260559.9999995
09:23:04 AM,2675.5,182,486941.0,2063747500.9999995
09:23:04 AM,2676.15,0,0.0,2063747500.9999995
09:23:04 AM,2676.15,57,152540.55000000002,2063900041.5499995
09:23:05 AM,2676.15,52,139159.80000000002,2064039201.3499994
09:23:05 AM,2676.15,49,131131.35,2064170332.6999993
09:23:06 AM,2675.8,43,115059.40000000001,2064285392.0999994
09:23:06 AM,2675.8,124,331799.2,2064617191.2999995
09:23:07 AM,2675.3,9,24077.7,2064641268.9999995
09:23:07 AM,2675.8,0,0.0,2064641268.9999995
09:23:07 AM,2676.0,26,69576.0,2064710844.9999995
09:23:08 AM,2675.4,0,0.0,2064710844.9999995
09:23:08 AM,2676.0,124,331824.0,2065042668.9999995
09:23:09 AM,2676.0,273,730548.0,2065773216.9999995
09:23:10 AM,2676.0,85,227460.0,2066000676.9999995
09:23:10 AM,2676.0,124,331824.0,2066332500.9999995
09:23:11 AM,2675.4,9,24078.600000000002,2066356579.5999994
09:23:11 AM,2675.4,17,45481.8,2066402061.3999994
09:23:11 AM,2676.0,0,0.0,2066402061.3999994
09:23:11 AM,2676.0,5,13380.0,2066415441.3999994
09:23:12 AM,2675.35,0,0.0,2066415441.3999994
09:23:12 AM,2675.35,48,128416.79999999999,2066543858.1999993
09:23:12 AM,2676.0,0,0.0,2066543858.1999993
09:23:12 AM,2676.0,311,832236.0,2067376094.1999993
09:23:13 AM,2676.0,30,80280.0,2067456374.1999993
09:23:13 AM,2676.0,97,259572.0,2067715946.1999993
09:23:14 AM,2675.95,0,0.0,2067715946.1999993
09:23:14 AM,2676.0,11,29436.0,2067745382.1999993
09:23:14 AM,2675.5,66,176583.0,2067921965.1999993
09:23:15 AM,2676.0,0,0.0,2067921965.1999993
09:23:15 AM,2676.0,117,313092.0,2068235057.1999993
09:23:15 AM,2675.5,0,0.0,2068235057.1999993
09:23:15 AM,2675.5,48,128424.0,2068363481.1999993
09:23:16 AM,2675.95,223,596736.85,2068960218.0499992
09:23:16 AM,2676.0,0,0.0,2068960218.0499992
09:23:16 AM,2675.5,60,160530.0,2069120748.0499992
09:23:17 AM,2675.35,0,0.0,2069120748.0499992
09:23:17 AM,2675.35,47,125741.45,2069246489.4999993
09:23:18 AM,2675.35,120,321042.0,2069567531.4999993
09:23:18 AM,2675.95,0,0.0,2069567531.4999993
09:23:18 AM,2675.8,195,521781.00000000006,2070089312.4999993
09:23:19 AM,2676.0,0,0.0,2070089312.4999993
09:23:19 AM,2675.8,102,272931.60000000003,2070362244.0999992
09:23:19 AM,2676.0,71,189996.0,2070552240.0999992
09:23:20 AM,2676.0,44,117744.0,2070669984.0999992
09:23:20 AM,2676.15,669,1790344.35,2072460328.449999
09:23:21 AM,2675.85,60,160551.0,2072620879.449999
09:23:21 AM,2676.15,0,0.0,2072620879.449999
09:23:21 AM,2676.15,3,8028.450000000001,2072628907.8999991
09:23:22 AM,2675.8,98,262228.4,2072891136.2999992
09:23:22 AM,2676.15,31,82960.65000000001,2072974096.9499993
09:23:23 AM,2675.85,3,8027.549999999999,2072982124.4999993
09:23:23 AM,2676.6,100,267660.0,2073249784.4999993
09:23:24 AM,2676.15,24,64227.600000000006,2073314012.0999992
09:23:25 AM,2676.6,0,0.0,2073314012.0999992
09:23:25 AM,2676.6,58,155242.8,2073469254.8999991
09:23:25 AM,2676.15,36,96341.40000000001,2073565596.2999992
09:23:25 AM,2677.0,0,0.0,2073565596.2999992
09:23:26 AM,2676.1,0,0.0,2073565596.2999992
09:23:26 AM,2676.1,165,441556.5,2074007152.7999992
09:23:26 AM,2676.1,31,82959.09999999999,2074090111.8999991
09:23:26 AM,2676.5,0,0.0,2074090111.8999991
09:23:27 AM,2676.15,0,0.0,2074090111.8999991
09:23:27 AM,2676.15,26,69579.90000000001,2074159691.7999992
09:23:27 AM,2676.05,26,69577.3,2074229269.0999992
09:23:28 AM,2676.05,19,50844.950000000004,2074280114.0499992
09:23:28 AM,2676.15,0,0.0,2074280114.0499992
09:23:28 AM,2676.5,17,45500.5,2074325614.5499992
09:23:29 AM,2676.05,0,0.0,2074325614.5499992
09:23:29 AM,2676.05,35,93661.75,2074419276.2999992
09:23:29 AM,2676.05,109,291689.45,2074710965.7499993
09:23:30 AM,2676.5,0,0.0,2074710965.7499993
09:23:30 AM,2676.5,59,157913.5,2074868879.2499993
09:23:30 AM,2676.5,234,626301.0,2075495180.2499993
09:23:31 AM,2676.6,0,0.0,2075495180.2499993
09:23:31 AM,2676.6,112,299779.2,2075794959.4499993
09:23:31 AM,2676.9,90,240921.0,2076035880.4499993
09:23:32 AM,2677.45,0,0.0,2076035880.4499993
09:23:32 AM,2677.45,106,283809.69999999995,2076319690.1499994
09:23:32 AM,2676.6,0,0.0,2076319690.1499994
09:23:32 AM,2676.6,58,155242.8,2076474932.9499993
09:23:33 AM,2677.35,0,0.0,2076474932.9499993
09:23:33 AM,2677.35,21,56224.35,2076531157.2999992
09:23:33 AM,2676.6,0,0.0,2076531157.2999992
09:23:33 AM,2677.1,33,88344.3,2076619501.5999992
09:23:34 AM,2677.15,0,0.0,2076619501.5999992
09:23:34 AM,2677.15,40,107086.0,2076726587.5999992
09:23:34 AM,2676.6,0,0.0,2076726587.5999992
09:23:34 AM,2676.6,405,1084023.0,2077810610.5999992
09:23:35 AM,2677.1,0,0.0,2077810610.5999992
09:23:35 AM,2677.1,57,152594.69999999998,2077963205.2999992
09:23:35 AM,2677.1,11,29448.1,2077992653.3999991
09:23:36 AM,2677.0,0,0.0,2077992653.3999991
09:23:36 AM,2677.0,6,16062.0,2078008715.3999991
09:23:36 AM,2677.1,0,0.0,2078008715.3999991
09:23:36 AM,2677.1,389,1041391.8999999999,2079050107.2999992
09:23:37 AM,2676.55,0,0.0,2079050107.2999992
09:23:37 AM,2676.55,39,104385.45000000001,2079154492.7499993
09:23:37 AM,2677.1,0,0.0,2079154492.7499993
09:23:37 AM,2677.1,20,53542.0,2079208034.7499993
09:23:38 AM,2677.4,0,0.0,2079208034.7499993
09:23:38 AM,2677.45,83,222228.34999999998,2079430263.0999992
09:23:38 AM,2677.45,168,449811.6,2079880074.699999
09:23:39 AM,2677.45,224,599748.7999999999,2080479823.499999
09:23:39 AM,2677.45,24,64258.799999999996,2080544082.299999
09:23:40 AM,2677.85,0,0.0,2080544082.299999
09:23:40 AM,2677.85,3,8033.549999999999,2080552115.849999
09:23:40 AM,2677.8,0,0.0,2080552115.849999
09:23:40 AM,2677.8,73,195479.40000000002,2080747595.249999
09:23:41 AM,2678.0,0,0.0,2080747595.249999
09:23:41 AM,2678.0,148,396344.0,2081143939.249999
09:23:41 AM,2677.45,30,80323.5,2081224262.749999
09:23:42 AM,2678.0,0,0.0,2081224262.749999
09:23:42 AM,2678.0,1,2678.0,2081226940.749999
09:23:42 AM,2678.0,56,149968.0,2081376908.749999
09:23:43 AM,2677.3,0,0.0,2081376908.749999
09:23:43 AM,2678.0,412,1103336.0,2082480244.749999
09:23:43 AM,2678.4,0,0.0,2082480244.749999
09:23:43 AM,2678.4,510,1365984.0,2083846228.749999
09:23:44 AM,2677.5,0,0.0,2083846228.749999
09:23:44 AM,2677.5,81,216877.5,2084063106.249999
09:23:45 AM,2677.4,0,0.0,2084063106.249999
09:23:45 AM,2677.5,805,2155387.5,2086218493.749999
09:23:45 AM,2678.4,87,233020.80000000002,2086451514.549999
09:23:45 AM,2678.35,0,0.0,2086451514.549999
09:23:45 AM,2678.95,4208,11273021.6,2097724536.149999
09:23:46 AM,2678.4,0,0.0,2097724536.149999
09:23:46 AM,2677.95,172,460607.39999999997,2098185143.549999
09:23:46 AM,2678.85,5,13394.25,2098198537.799999
09:23:46 AM,2678.85,1,2678.85,2098201216.649999
09:23:47 AM,2677.75,673,1802125.75,2100003342.399999
09:23:47 AM,2678.65,0,0.0,2100003342.399999
09:23:47 AM,2678.7,345,924151.4999999999,2100927493.899999
09:23:48 AM,2678.3,51,136593.30000000002,2101064087.1999989
09:23:49 AM,2677.75,75,200831.25,2101264918.4499989
09:23:49 AM,2677.75,1,2677.75,2101267596.1999989
09:23:50 AM,2678.2,0,0.0,2101267596.1999989
09:23:50 AM,2677.95,0,0.0,2101267596.1999989
09:23:50 AM,2677.95,290,776605.5,2102044201.6999989
09:23:50 AM,2677.75,629,1684304.75,2103728506.4499989
09:23:51 AM,2678.25,0,0.0,2103728506.4499989
09:23:51 AM,2678.25,74,198190.5,2103926696.9499989
09:23:51 AM,2678.0,15,40170.0,2103966866.9499989
09:23:52 AM,2678.25,0,0.0,2103966866.9499989
09:23:52 AM,2678.3,0,0.0,2103966866.9499989
09:23:52 AM,2678.05,410,1098000.5,2105064867.4499989
09:23:52 AM,2678.25,3644,9759543.0,2114824410.4499989
09:23:53 AM,2679.0,0,0.0,2114824410.4499989
09:23:53 AM,2679.0,681,1824399.0,2116648809.4499989
09:23:53 AM,2679.0,2,5358.0,2116654167.4499989
09:23:54 AM,2678.25,0,0.0,2116654167.4499989
09:23:54 AM,2679.0,1606,4302474.0,2120956641.4499989
09:23:55 AM,2679.35,0,0.0,2120956641.4499989
09:23:55 AM,2679.0,75,200925.0,2121157566.4499989
09:23:55 AM,2679.75,0,0.0,2121157566.4499989
09:23:55 AM,2679.55,235,629694.25,2121787260.6999989
09:23:56 AM,2679.0,0,0.0,2121787260.6999989
09:23:56 AM,2678.7,107,286620.89999999997,2122073881.599999
09:23:56 AM,2680.15,0,0.0,2122073881.599999
09:23:56 AM,2679.45,21278,57013337.099999994,2179087218.699999
09:23:57 AM,2678.75,153,409848.75,2179497067.449999
09:23:57 AM,2678.8,0,0.0,2179497067.449999
09:23:57 AM,2678.5,49,131246.5,2179628313.949999
09:23:58 AM,2679.35,50,133967.5,2179762281.449999
09:23:58 AM,2679.35,105,281331.75,2180043613.199999
09:23:59 AM,2678.15,715,1914877.25,2181958490.449999
09:23:59 AM,2679.1,0,0.0,2181958490.449999
09:23:59 AM,2678.75,332,889345.0,2182847835.449999
09:24:00 AM,2678.55,30,80356.5,2182928191.949999
09:24:00 AM,2678.65,0,0.0,2182928191.949999
09:24:00 AM,2678.5,35,93747.5,2183021939.449999
09:24:01 AM,2678.5,16,42856.0,2183064795.449999
09:24:01 AM,2678.45,0,0.0,2183064795.449999
09:24:01 AM,2678.05,26,69629.3,2183134424.749999
09:24:02 AM,2678.55,0,0.0,2183134424.749999
09:24:02 AM,2677.8,1273,3408839.4000000004,2186543264.149999
09:24:02 AM,2678.2,0,0.0,2186543264.149999
09:24:02 AM,2677.15,3820,10226713.0,2196769977.149999
09:24:03 AM,2676.65,0,0.0,2196769977.149999
09:24:03 AM,2676.65,19,50856.35,2196820833.499999
09:24:04 AM,2677.1,0,0.0,2196820833.499999
09:24:04 AM,2676.5,350,936775.0,2197757608.499999
09:24:04 AM,2676.25,67,179308.75,2197936917.249999
09:24:05 AM,2676.5,0,0.0,2197936917.249999
09:24:05 AM,2676.5,10,26765.0,2197963682.249999
09:24:05 AM,2676.5,87,232855.5,2198196537.749999
09:24:06 AM,2676.5,20,53530.0,2198250067.749999
09:24:06 AM,2675.9,0,0.0,2198250067.749999
09:24:06 AM,2675.9,3047,8153467.3,2206403535.049999
09:24:07 AM,2675.9,10,26759.0,2206430294.049999
09:24:07 AM,2675.9,37,99008.3,2206529302.3499994
09:24:08 AM,2675.55,71,189964.05000000002,2206719266.3999996
09:24:08 AM,2675.8,0,0.0,2206719266.3999996
09:24:08 AM,2675.8,469,1254950.2000000002,2207974216.5999994
09:24:09 AM,2675.15,103,275540.45,2208249757.049999
09:24:09 AM,2675.8,0,0.0,2208249757.049999
09:24:09 AM,2675.9,482,1289783.8,2209539540.8499994
09:24:10 AM,2675.15,0,0.0,2209539540.8499994
09:24:10 AM,2675.9,236,631512.4,2210171053.2499995
09:24:10 AM,2676.5,0,0.0,2210171053.2499995
09:24:10 AM,2675.8,143,382639.4,2210553692.6499996
09:24:11 AM,2676.5,0,0.0,2210553692.6499996
09:24:11 AM,2676.5,2,5353.0,2210559045.6499996
09:24:11 AM,2675.65,0,0.0,2210559045.6499996
09:24:11 AM,2677.0,2657,7112789.0,2217671834.6499996
09:24:12 AM,2676.5,0,0.0,2217671834.6499996
09:24:12 AM,2676.0,50,133800.0,2217805634.6499996
09:24:13 AM,2675.5,417,1115683.5,2218921318.1499996
09:24:13 AM,2676.0,1,2676.0,2218923994.1499996
09:24:13 AM,2676.0,36,96336.0,2219020330.1499996
09:24:14 AM,2676.0,39,104364.0,2219124694.1499996
09:24:14 AM,2676.0,26,69576.0,2219194270.1499996
09:24:15 AM,2676.0,80,214080.0,2219408350.1499996
09:24:16 AM,2676.5,0,0.0,2219408350.1499996
09:24:16 AM,2676.6,181,484464.6,2219892814.7499995
09:24:17 AM,2676.5,0,0.0,2219892814.7499995
09:24:17 AM,2676.5,49,131148.5,2220023963.2499995
09:24:17 AM,2675.8,385,1030183.0000000001,2221054146.2499995
09:24:18 AM,2675.65,0,0.0,2221054146.2499995
09:24:18 AM,2676.45,360,963521.9999999999,2222017668.2499995
09:24:18 AM,2676.45,1,2676.45,2222020344.6999993
09:24:19 AM,2676.5,0,0.0,2222020344.6999993
09:24:19 AM,2676.5,223,596859.5,2222617204.1999993
09:24:20 AM,2676.0,0,0.0,2222617204.1999993
09:24:20 AM,2676.0,171,457596.0,2223074800.1999993
09:24:20 AM,2676.7,0,0.0,2223074800.1999993
09:24:20 AM,2676.7,40,107068.0,2223181868.1999993
09:24:21 AM,2676.6,0,0.0,2223181868.1999993
09:24:21 AM,2676.9,579,1549925.1,2224731793.299999
09:24:22 AM,2676.5,0,0.0,2224731793.299999
09:24:22 AM,2676.7,332,888664.3999999999,2225620457.6999993
09:24:22 AM,2676.6,49,131153.4,2225751611.0999994
09:24:23 AM,2676.6,108,289072.8,2226040683.8999996
09:24:23 AM,2676.6,6,16059.599999999999,2226056743.4999995
09:24:24 AM,2676.5,0,0.0,2226056743.4999995
09:24:24 AM,2676.5,12,32118.0,2226088861.4999995
09:24:25 AM,2676.6,0,0.0,2226088861.4999995
09:24:25 AM,2676.6,20,53532.0,2226142393.4999995
09:24:26 AM,2676.6,55,147213.0,2226289606.4999995
09:24:26 AM,2676.5,23,61559.5,2226351165.9999995
09:24:27 AM,2676.6,0,0.0,2226351165.9999995
09:24:27 AM,2676.6,186,497847.6,2226849013.5999994
09:24:27 AM,2676.6,2,5353.2,2226854366.799999
09:24:28 AM,2676.5,78,208767.0,2227063133.799999
09:24:28 AM,2676.6,0,0.0,2227063133.799999
09:24:28 AM,2676.6,103,275689.8,2227338823.5999994
09:24:29 AM,2677.0,0,0.0,2227338823.5999994
09:24:29 AM,2676.5,98,262297.0,2227601120.5999994
09:24:29 AM,2676.95,0,0.0,2227601120.5999994
09:24:29 AM,2676.95,5,13384.75,2227614505.3499994
09:24:30 AM,2676.95,5,13384.75,2227627890.0999994
09:24:31 AM,2676.9,0,0.0,2227627890.0999994
09:24:31 AM,2676.6,626,1675551.5999999999,2229303441.6999993
09:24:31 AM,2676.8,25,66920.0,2229370361.6999993
09:24:32 AM,2676.0,307,821532.0,2230191893.6999993
09:24:32 AM,2675.8,40,107032.0,2230298925.6999993
09:24:33 AM,2676.55,0,0.0,2230298925.6999993
09:24:33 AM,2676.55,14,37471.700000000004,2230336397.399999
09:24:34 AM,2676.5,0,0.0,2230336397.399999
09:24:34 AM,2676.35,1124,3008217.4,2233344614.799999
09:24:34 AM,2676.35,13,34792.549999999996,2233379407.3499994
09:24:35 AM,2676.3,0,0.0,2233379407.3499994
09:24:35 AM,2675.8,302,808091.6000000001,2234187498.9499993
09:24:35 AM,2675.8,57,152520.6,2234340019.549999
09:24:36 AM,2676.3,0,0.0,2234340019.549999
09:24:36 AM,2676.15,195,521849.25,2234861868.799999
09:24:36 AM,2676.15,14,37466.1,2234899334.899999
09:24:37 AM,2675.8,0,0.0,2234899334.899999
09:24:37 AM,2676.15,89,238177.35,2235137512.249999
09:24:38 AM,2675.8,12,32109.600000000002,2235169621.849999
09:24:38 AM,2675.8,134,358557.2,2235528179.0499988
09:24:39 AM,2675.8,71,189981.80000000002,2235718160.849999
09:24:39 AM,2675.65,214,572589.1,2236290749.949999
09:24:40 AM,2675.65,12,32107.800000000003,2236322857.749999
09:24:40 AM,2675.65,69,184619.85,2236507477.599999
09:24:41 AM,2675.65,84,224754.6,2236732232.199999
09:24:41 AM,2675.65,11,29432.15,2236761664.349999
09:24:42 AM,2675.15,0,0.0,2236761664.349999
09:24:42 AM,2675.15,183,489552.45,2237251216.7999988
09:24:42 AM,2675.15,218,583182.7000000001,2237834399.4999986
09:24:43 AM,2675.65,0,0.0,2237834399.4999986
09:24:43 AM,2675.65,162,433455.3,2238267854.7999988
09:24:43 AM,2675.15,42,112356.3,2238380211.099999
09:24:44 AM,2675.6,0,0.0,2238380211.099999
09:24:44 AM,2675.65,0,0.0,2238380211.099999
09:24:44 AM,2675.05,182,486859.10000000003,2238867070.199999
09:24:44 AM,2675.5,17,45483.5,2238912553.699999
09:24:45 AM,2675.05,0,0.0,2238912553.699999
09:24:45 AM,2675.5,52,139126.0,2239051679.699999
09:24:45 AM,2675.5,7,18728.5,2239070408.199999
09:24:46 AM,2675.05,0,0.0,2239070408.199999
09:24:46 AM,2675.5,98,262199.0,2239332607.199999
09:24:46 AM,2675.05,9,24075.45,2239356682.6499987
09:24:47 AM,2675.5,0,0.0,2239356682.6499987
09:24:47 AM,2675.5,130,347815.0,2239704497.6499987
09:24:48 AM,2675.05,88,235404.40000000002,2239939902.0499988
09:24:48 AM,2675.5,6,16053.0,2239955955.0499988
09:24:49 AM,2675.05,0,0.0,2239955955.0499988
09:24:49 AM,2675.5,0,0.0,2239955955.0499988
09:24:49 AM,2675.5,69,184609.5,2240140564.5499988
09:24:49 AM,2675.05,5,13375.25,2240153939.7999988
09:24:50 AM,2675.5,0,0.0,2240153939.7999988
09:24:50 AM,2675.5,121,323735.5,2240477675.2999988
09:24:50 AM,2675.5,2,5351.0,2240483026.2999988
09:24:51 AM,2675.05,0,0.0,2240483026.2999988
09:24:51 AM,2675.5,0,0.0,2240483026.2999988
09:24:51 AM,2675.5,88,235444.0,2240718470.2999988
09:24:51 AM,2675.5,52,139126.0,2240857596.2999988
09:24:52 AM,2675.5,116,310358.0,2241167954.2999988
09:24:53 AM,2675.5,40,107020.0,2241274974.2999988
09:24:54 AM,2675.05,0,0.0,2241274974.2999988
09:24:54 AM,2675.05,697,1864509.85,2243139484.1499987
09:24:55 AM,2675.5,0,0.0,2243139484.1499987
09:24:55 AM,2675.05,122,326356.10000000003,2243465840.2499986
09:24:56 AM,2675.5,105,280927.5,2243746767.7499986
09:24:57 AM,2675.45,196,524388.2,2244271155.9499984
09:24:58 AM,2675.0,0,0.0,2244271155.9499984
09:24:58 AM,2675.5,0,0.0,2244271155.9499984
09:24:58 AM,2675.5,1576,4216588.0,2248487743.9499984
09:24:59 AM,2675.0,0,0.0,2248487743.9499984
09:24:59 AM,2675.35,540,1444689.0,2249932432.9499984
09:24:59 AM,2675.5,7,18728.5,2249951161.4499984
09:25:00 AM,2675.0,0,0.0,2249951161.4499984
09:25:00 AM,2675.35,74,197975.9,2250149137.3499985
09:25:01 AM,2675.65,0,0.0,2250149137.3499985
09:25:01 AM,2675.65,136,363888.4,2250513025.7499986
09:25:02 AM,2675.5,13,34781.5,2250547807.2499986
09:25:02 AM,2675.65,0,0.0,2250547807.2499986
09:25:02 AM,2675.05,0,0.0,2250547807.2499986
09:25:02 AM,2675.6,31,82943.59999999999,2250630750.8499985
09:25:03 AM,2675.65,0,0.0,2250630750.8499985
09:25:03 AM,2675.65,34,90972.1,2250721722.9499984
09:25:04 AM,2675.5,6,16053.0,2250737775.9499984
09:25:04 AM,2676.7,283,757506.1,2251495282.0499983
09:25:05 AM,2675.95,1,2675.95,2251497957.999998
09:25:05 AM,2676.15,39,104369.85,2251602327.849998
09:25:06 AM,2676.7,0,0.0,2251602327.849998
09:25:06 AM,2676.1,61,163242.1,2251765569.949998
09:25:06 AM,2676.1,13,34789.299999999996,2251800359.249998
09:25:07 AM,2676.7,0,0.0,2251800359.249998
09:25:07 AM,2676.15,71,190006.65,2251990365.899998
09:25:07 AM,2676.7,13,34797.1,2252025162.999998
09:25:08 AM,2676.75,0,0.0,2252025162.999998
09:25:08 AM,2676.7,75,200752.5,2252225915.499998
09:25:08 AM,2676.95,0,0.0,2252225915.499998
09:25:08 AM,2676.9,31,82983.90000000001,2252308899.399998
09:25:09 AM,2676.9,20,53538.0,2252362437.399998
09:25:10 AM,2677.0,0,0.0,2252362437.399998
09:25:10 AM,2677.0,398,1065446.0,2253427883.399998
09:25:10 AM,2677.55,311,832718.05,2254260601.4499984
09:25:11 AM,2677.0,0,0.0,2254260601.4499984
09:25:11 AM,2676.05,0,0.0,2254260601.4499984
09:25:11 AM,2676.05,2333,6243224.65,2260503826.0999985
09:25:11 AM,2676.05,18,48168.9,2260551994.9999986
09:25:12 AM,2676.8,0,0.0,2260551994.9999986
09:25:12 AM,2676.8,204,546067.2000000001,2261098062.1999984
09:25:12 AM,2676.8,50,133840.0,2261231902.1999984
09:25:13 AM,2676.05,0,0.0,2261231902.1999984
09:25:13 AM,2676.8,0,0.0,2261231902.1999984
09:25:13 AM,2677.0,1114,2982178.0,2264214080.1999984
09:25:13 AM,2677.0,3,8031.0,2264222111.1999984
09:25:14 AM,2677.0,940,2516380.0,2266738491.1999984
09:25:15 AM,2677.0,261,698697.0,2267437188.1999984
09:25:15 AM,2677.1,7,18739.7,2267455927.899998
09:25:16 AM,2677.75,175,468606.25,2267924534.149998
09:25:17 AM,2677.0,1199,3209723.0,2271134257.149998
09:25:18 AM,2677.55,0,0.0,2271134257.149998
09:25:18 AM,2677.35,0,0.0,2271134257.149998
09:25:18 AM,2677.25,348,931683.0,2272065940.149998
09:25:19 AM,2677.15,0,0.0,2272065940.149998
09:25:19 AM,2676.6,214,572792.4,2272638732.5499983
09:25:20 AM,2677.0,0,0.0,2272638732.5499983
09:25:20 AM,2677.15,78,208817.7,2272847550.249998
09:25:21 AM,2677.0,0,0.0,2272847550.249998
09:25:21 AM,2677.0,730,1954210.0,2274801760.249998
09:25:22 AM,2677.45,0,0.0,2274801760.249998
09:25:22 AM,2677.0,0,0.0,2274801760.249998
09:25:22 AM,2677.55,2160,5783508.0,2280585268.249998
09:25:23 AM,2677.55,789,2112586.95,2282697855.199998
09:25:24 AM,2677.2,521,1394821.2,2284092676.3999977
09:25:25 AM,2678.0,0,0.0,2284092676.3999977
09:25:25 AM,2678.0,213,570414.0,2284663090.3999977
09:25:26 AM,2678.5,0,0.0,2284663090.3999977
09:25:26 AM,2678.5,119,318741.5,2284981831.8999977
09:25:27 AM,2678.4,10,26784.0,2285008615.8999977
09:25:28 AM,2678.35,82,219624.69999999998,2285228240.5999975
09:25:29 AM,2678.15,18,48206.700000000004,2285276447.2999973
09:25:30 AM,2678.1,156,417783.6,2285694230.899997
09:25:30 AM,2677.55,16,42840.8,2285737071.6999974
09:25:30 AM,2677.95,0,0.0,2285737071.6999974
09:25:31 AM,2677.95,6,16067.699999999999,2285753139.399997
09:25:31 AM,2677.55,0,0.0,2285753139.399997
09:25:31 AM,2677.95,6,16067.699999999999,2285769207.099997
09:25:32 AM,2677.95,16,42847.2,2285812054.299997
09:25:32 AM,2677.95,45,120507.74999999999,2285932562.049997
09:25:33 AM,2677.9,478,1280036.2,2287212598.2499967
09:25:33 AM,2677.0,0,0.0,2287212598.2499967
09:25:33 AM,2677.0,10,26770.0,2287239368.2499967
09:25:34 AM,2677.85,0,0.0,2287239368.2499967
09:25:34 AM,2677.0,174,465798.0,2287705166.2499967
09:25:34 AM,2677.6,0,0.0,2287705166.2499967
09:25:34 AM,2677.6,6,16065.599999999999,2287721231.8499966
09:25:35 AM,2677.5,0,0.0,2287721231.8499966
09:25:35 AM,2677.5,64,171360.0,2287892591.8499966
09:25:35 AM,2677.0,0,0.0,2287892591.8499966
09:25:35 AM,2677.0,3,8031.0,2287900622.8499966
09:25:36 AM,2677.5,0,0.0,2287900622.8499966
09:25:36 AM,2677.5,27,72292.5,2287972915.3499966
09:25:37 AM,2677.0,21,56217.0,2288029132.3499966
09:25:38 AM,2677.5,0,0.0,2288029132.3499966
09:25:38 AM,2677.0,206,551462.0,2288580594.3499966
09:25:39 AM,2677.65,0,0.0,2288580594.3499966
09:25:39 AM,2677.0,370,990490.0,2289571084.3499966
09:25:39 AM,2677.5,0,0.0,2289571084.3499966
09:25:39 AM,2677.5,103,275782.5,2289846866.8499966
09:25:40 AM,2677.7,0,0.0,2289846866.8499966
09:25:40 AM,2677.0,87,232899.0,2290079765.8499966
09:25:40 AM,2677.75,0,0.0,2290079765.8499966
09:25:40 AM,2677.75,8,21422.0,2290101187.8499966
09:25:41 AM,2677.0,31,82987.0,2290184174.8499966
09:25:41 AM,2677.7,0,0.0,2290184174.8499966
09:25:41 AM,2677.7,2,5355.4,2290189530.2499967
09:25:42 AM,2677.75,0,0.0,2290189530.2499967
09:25:42 AM,2677.75,93,249030.75,2290438560.9999967
09:25:42 AM,2678.25,700,1874775.0,2292313335.9999967
09:25:43 AM,2677.95,0,0.0,2292313335.9999967
09:25:43 AM,2677.25,37,99058.25,2292412394.2499967
09:25:43 AM,2677.95,0,0.0,2292412394.2499967
09:25:43 AM,2677.95,59,157999.05,2292570393.299997
09:25:44 AM,2677.5,14,37485.0,2292607878.299997
09:25:44 AM,2677.5,76,203490.0,2292811368.299997
09:25:45 AM,2677.95,0,0.0,2292811368.299997
09:25:45 AM,2677.75,48,128532.0,2292939900.299997
09:25:45 AM,2677.95,0,0.0,2292939900.299997
09:25:45 AM,2677.75,43,115143.25,2293055043.549997
09:25:46 AM,2678.0,0,0.0,2293055043.549997
09:25:46 AM,2677.5,268,717570.0,2293772613.549997
09:25:46 AM,2677.5,168,449820.0,2294222433.549997
09:25:47 AM,2677.5,46,123165.0,2294345598.549997
09:25:47 AM,2678.0,125,334750.0,2294680348.549997
09:25:48 AM,2678.35,0,0.0,2294680348.549997
09:25:48 AM,2677.5,124,332010.0,2295012358.549997
09:25:48 AM,2678.4,0,0.0,2295012358.549997
09:25:48 AM,2677.5,22,58905.0,2295071263.549997
09:25:49 AM,2678.35,0,0.0,2295071263.549997
09:25:49 AM,2678.05,99,265126.95,2295336390.4999967
09:25:49 AM,2678.4,0,0.0,2295336390.4999967
09:25:49 AM,2678.05,11,29458.550000000003,2295365849.049997
09:25:50 AM,2678.4,24,64281.600000000006,2295430130.6499968
09:25:50 AM,2677.7,15,40165.5,2295470296.1499968
09:25:51 AM,2678.35,0,0.0,2295470296.1499968
09:25:51 AM,2678.0,0,0.0,2295470296.1499968
09:25:51 AM,2678.0,23,61594.0,2295531890.1499968
09:25:52 AM,2677.95,0,0.0,2295531890.1499968
09:25:52 AM,2678.0,0,0.0,2295531890.1499968
09:25:52 AM,2678.0,226,605228.0,2296137118.1499968
09:25:53 AM,2677.9,0,0.0,2296137118.1499968
09:25:53 AM,2678.65,0,0.0,2296137118.1499968
09:25:53 AM,2678.65,302,808952.3,2296946070.449997
09:25:53 AM,2678.4,52,139276.80000000002,2297085347.249997
09:25:54 AM,2677.8,138,369536.4,2297454883.649997
09:25:54 AM,2677.8,20,53556.0,2297508439.649997
09:25:55 AM,2677.75,355,950601.25,2298459040.899997
09:25:55 AM,2678.75,0,0.0,2298459040.899997
09:25:55 AM,2677.8,20,53556.0,2298512596.899997
09:25:56 AM,2678.3,80,214264.0,2298726860.899997
09:25:56 AM,2677.8,0,0.0,2298726860.899997
09:25:56 AM,2678.0,93,249054.0,2298975914.899997
09:25:57 AM,2678.3,0,0.0,2298975914.899997
09:25:57 AM,2678.0,84,224952.0,2299200866.899997
09:25:57 AM,2678.75,2,5357.5,2299206224.399997
09:25:58 AM,2678.0,106,283868.0,2299490092.399997
09:25:58 AM,2678.75,10,26787.5,2299516879.899997
09:25:59 AM,2678.05,0,0.0,2299516879.899997
09:25:59 AM,2678.05,95,254414.75000000003,2299771294.649997
09:25:59 AM,2678.75,1,2678.75,2299773973.399997
09:26:00 AM,2678.0,0,0.0,2299773973.399997
09:26:00 AM,2678.75,74,198227.5,2299972200.899997
09:26:00 AM,2678.0,0,0.0,2299972200.899997
09:26:00 AM,2678.9,315,843853.5,2300816054.399997
09:26:01 AM,2678.15,0,0.0,2300816054.399997
09:26:01 AM,2678.15,35,93735.25,2300909789.649997
09:26:01 AM,2677.75,0,0.0,2300909789.649997
09:26:01 AM,2678.75,635,1701006.25,2302610795.899997
09:26:02 AM,2678.95,127,340226.64999999997,2302951022.5499973
09:26:02 AM,2678.05,0,0.0,2302951022.5499973
09:26:02 AM,2678.95,179,479532.05,2303430554.5999975
09:26:03 AM,2678.95,28,75010.59999999999,2303505565.1999974
09:26:04 AM,2678.05,1281,3430582.0500000003,2306936147.2499976
09:26:04 AM,2678.5,49,131246.5,2307067393.7499976
09:26:05 AM,2678.5,225,602662.5,2307670056.2499976
09:26:05 AM,2678.5,362,969617.0,2308639673.2499976
09:26:06 AM,2678.5,292,782122.0,2309421795.2499976
09:26:06 AM,2678.5,5,13392.5,2309435187.7499976
09:26:07 AM,2678.0,246,658788.0,2310093975.7499976
09:26:07 AM,2678.5,58,155353.0,2310249328.7499976
09:26:08 AM,2678.65,67,179469.55000000002,2310428798.299998
09:26:08 AM,2678.0,0,0.0,2310428798.299998
09:26:08 AM,2678.95,1626,4355972.699999999,2314784770.9999976
09:26:09 AM,2678.1,176,471345.6,2315256116.5999975
09:26:09 AM,2679.0,5040,13502160.0,2328758276.5999975
09:26:10 AM,2679.0,574,1537746.0,2330296022.5999975
09:26:10 AM,2679.0,12,32148.0,2330328170.5999975
09:26:11 AM,2678.65,164,439298.60000000003,2330767469.1999974
09:26:12 AM,2679.0,0,0.0,2330767469.1999974
09:26:12 AM,2679.0,107,286653.0,2331054122.1999974
09:26:12 AM,2678.5,0,0.0,2331054122.1999974
09:26:12 AM,2679.0,5,13395.0,2331067517.1999974
09:26:13 AM,2678.5,0,0.0,2331067517.1999974
09:26:13 AM,2678.95,636,1703812.2,2332771329.399997
09:26:14 AM,2679.0,0,0.0,2332771329.399997
09:26:14 AM,2679.0,4,10716.0,2332782045.399997
09:26:14 AM,2678.25,0,0.0,2332782045.399997
09:26:14 AM,2678.25,444,1189143.0,2333971188.399997
09:26:15 AM,2678.05,0,0.0,2333971188.399997
09:26:15 AM,2678.05,543,1454181.1500000001,2335425369.5499973
09:26:15 AM,2679.0,0,0.0,2335425369.5499973
09:26:15 AM,2679.0,269,720651.0,2336146020.5499973
09:26:16 AM,2678.0,0,0.0,2336146020.5499973
09:26:16 AM,2678.0,266,712348.0,2336858368.5499973
09:26:16 AM,2678.95,0,0.0,2336858368.5499973
09:26:16 AM,2678.95,1,2678.95,2336861047.499997
09:26:17 AM,2678.95,35,93763.25,2336954810.749997
09:26:17 AM,2679.0,245,656355.0,2337611165.749997
09:26:18 AM,2678.95,0,0.0,2337611165.749997
09:26:18 AM,2678.4,83,222307.2,2337833472.949997
09:26:18 AM,2679.0,0,0.0,2337833472.949997
09:26:18 AM,2679.0,56,150024.0,2337983496.949997
09:26:19 AM,2679.0,22,58938.0,2338042434.949997
09:26:19 AM,2678.4,392,1049932.8,2339092367.749997
09:26:20 AM,2678.4,96,257126.40000000002,2339349494.149997
09:26:20 AM,2679.05,0,0.0,2339349494.149997
09:26:20 AM,2679.05,10,26790.5,2339376284.649997
09:26:21 AM,2679.0,0,0.0,2339376284.649997
09:26:21 AM,2679.0,27,72333.0,2339448617.649997
09:26:21 AM,2678.15,0,0.0,2339448617.649997
09:26:21 AM,2679.05,116,310769.80000000005,2339759387.4499974
09:26:22 AM,2679.05,2,5358.1,2339764745.5499973
09:26:22 AM,2678.1,0,0.0,2339764745.5499973
09:26:22 AM,2678.1,31,83021.09999999999,2339847766.649997
09:26:23 AM,2679.0,0,0.0,2339847766.649997
09:26:23 AM,2679.1,2660,7126406.0,2346974172.649997
09:26:23 AM,2679.25,0,0.0,2346974172.649997
09:26:23 AM,2679.05,109,292016.45,2347266189.099997
09:26:24 AM,2679.25,0,0.0,2347266189.099997
09:26:24 AM,2679.0,211,565269.0,2347831458.099997
09:26:24 AM,2679.0,85,227715.0,2348059173.099997
09:26:25 AM,2679.25,0,0.0,2348059173.099997
09:26:25 AM,2679.0,89,238431.0,2348297604.099997
09:26:25 AM,2679.25,0,0.0,2348297604.099997
09:26:25 AM,2679.0,41,109839.0,2348407443.099997
09:26:26 AM,2679.0,28,75012.0,2348482455.099997
09:26:26 AM,2679.25,0,0.0,2348482455.099997
09:26:26 AM,2679.25,37,99132.25,2348581587.349997
09:26:27 AM,2679.0,0,0.0,2348581587.349997
09:26:27 AM,2679.0,8,21432.0,2348603019.349997
09:26:27 AM,2679.25,0,0.0,2348603019.349997
09:26:27 AM,2679.25,5,13396.25,2348616415.599997
09:26:28 AM,2679.05,11,29469.550000000003,2348645885.149997
09:26:28 AM,2679.25,49,131283.25,2348777168.399997
09:26:29 AM,2679.05,0,0.0,2348777168.399997
09:26:29 AM,2679.05,11,29469.550000000003,2348806637.9499974
09:26:29 AM,2679.25,1,2679.25,2348809317.1999974
09:26:30 AM,2679.25,6,16075.5,2348825392.6999974
09:26:30 AM,2679.25,95,254528.75,2349079921.4499974
09:26:31 AM,2679.05,0,0.0,2349079921.4499974
09:26:31 AM,2679.05,17,45543.850000000006,2349125465.2999973
09:26:31 AM,2679.25,0,0.0,2349125465.2999973
09:26:31 AM,2679.25,2,5358.5,2349130823.7999973
09:26:32 AM,2679.05,3,8037.150000000001,2349138860.9499974
09:26:32 AM,2679.0,0,0.0,2349138860.9499974
09:26:32 AM,2679.0,561,1502919.0,2350641779.9499974
09:26:33 AM,2679.0,267,715293.0,2351357072.9499974
09:26:33 AM,2679.4,0,0.0,2351357072.9499974
09:26:33 AM,2679.4,109,292054.60000000003,2351649127.5499973
09:26:34 AM,2679.4,50,133970.0,2351783097.5499973
09:26:34 AM,2679.4,5,13397.0,2351796494.5499973
09:26:35 AM,2679.25,0,0.0,2351796494.5499973
09:26:35 AM,2679.25,10,26792.5,2351823287.0499973
09:26:35 AM,2679.35,74,198271.9,2352021558.9499974
09:26:36 AM,2679.0,0,0.0,2352021558.9499974
09:26:36 AM,2679.0,316,846564.0,2352868122.9499974
09:26:36 AM,2679.55,0,0.0,2352868122.9499974
09:26:36 AM,2679.55,67,179529.85,2353047652.7999973
09:26:37 AM,2679.0,78,208962.0,2353256614.7999973
09:26:37 AM,2679.7,255,683323.5,2353939938.2999973
09:26:38 AM,2679.0,59,158061.0,2354097999.2999973
09:26:38 AM,2679.6,0,0.0,2354097999.2999973
09:26:38 AM,2679.65,270,723505.5,2354821504.7999973
09:26:39 AM,2679.55,46,123259.3,2354944764.0999975
09:26:39 AM,2679.6,0,0.0,2354944764.0999975
09:26:39 AM,2679.6,13,34834.799999999996,2354979598.8999977
09:26:40 AM,2679.55,0,0.0,2354979598.8999977
09:26:40 AM,2679.55,2,5359.1,2354984957.9999976
09:26:40 AM,2679.6,0,0.0,2354984957.9999976
09:26:40 AM,2679.55,17,45552.350000000006,2355030510.3499975
09:26:41 AM,2679.55,3,8038.650000000001,2355038548.9999976
09:26:41 AM,2679.6,0,0.0,2355038548.9999976
09:26:41 AM,2679.55,1206,3231537.3000000003,2358270086.299998
09:26:42 AM,2679.9,0,0.0,2358270086.299998
09:26:42 AM,2679.6,49,131300.4,2358401386.699998
09:26:42 AM,2679.55,3,8038.650000000001,2358409425.349998
09:26:43 AM,2679.95,116,310874.19999999995,2358720299.549998
09:26:44 AM,2679.35,0,0.0,2358720299.549998
09:26:44 AM,2679.35,251,672516.85,2359392816.3999977
09:26:44 AM,2679.75,114,305491.5,2359698307.8999977
09:26:45 AM,2679.35,0,0.0,2359698307.8999977
09:26:45 AM,2679.55,71,190248.05000000002,2359888555.949998
09:26:46 AM,2679.25,0,0.0,2359888555.949998
09:26:46 AM,2679.65,562,1505963.3,2361394519.249998
09:26:46 AM,2679.7,1,2679.7,2361397198.949998
09:26:47 AM,2679.65,0,0.0,2361397198.949998
09:26:47 AM,2679.15,111,297385.65,2361694584.599998
09:26:47 AM,2679.35,21,56266.35,2361750850.949998
09:26:48 AM,2679.35,7,18755.45,2361769606.3999977
09:26:48 AM,2678.75,142,380382.5,2362149988.8999977
09:26:49 AM,2679.6,0,0.0,2362149988.8999977
09:26:49 AM,2678.75,278,744692.5,2362894681.3999977
09:26:49 AM,2679.65,0,0.0,2362894681.3999977
09:26:49 AM,2678.75,294,787552.5,2363682233.8999977
09:26:50 AM,2679.0,0,0.0,2363682233.8999977
09:26:50 AM,2679.0,23,61617.0,2363743850.8999977
09:26:50 AM,2678.75,0,0.0,2363743850.8999977
09:26:50 AM,2678.75,107,286626.25,2364030477.1499977
09:26:51 AM,2679.0,0,0.0,2364030477.1499977
09:26:51 AM,2678.7,107,286620.89999999997,2364317098.049998
09:26:51 AM,2679.0,61,163419.0,2364480517.049998
09:26:52 AM,2678.7,0,0.0,2364480517.049998
09:26:52 AM,2678.65,24,64287.600000000006,2364544804.6499977
09:26:52 AM,2678.65,16,42858.4,2364587663.049998
09:26:53 AM,2679.25,0,0.0,2364587663.049998
09:26:53 AM,2678.55,1038,2780334.9000000004,2367367997.949998
09:26:53 AM,2678.55,30,80356.5,2367448354.449998
09:26:54 AM,2678.35,0,0.0,2367448354.449998
09:26:54 AM,2678.35,207,554418.45,2368002772.8999977
09:26:54 AM,2678.3,67312,180281729.60000002,2548284502.4999976
09:26:55 AM,2678.25,0,0.0,2548284502.4999976
09:26:55 AM,2679.0,1575,4219425.0,2552503927.4999976
09:26:55 AM,2678.75,0,0.0,2552503927.4999976
09:26:55 AM,2678.6,129,345539.39999999997,2552849466.8999977
09:26:56 AM,2678.0,0,0.0,2552849466.8999977
09:26:56 AM,2678.5,114,305349.0,2553154815.8999977
09:26:56 AM,2678.0,0,0.0,2553154815.8999977
09:26:56 AM,2678.0,80,214240.0,2553369055.8999977
09:26:57 AM,2678.0,235,629330.0,2553998385.8999977
09:26:57 AM,2678.75,0,0.0,2553998385.8999977
09:26:57 AM,2678.65,100,267865.0,2554266250.8999977
09:26:58 AM,2678.0,0,0.0,2554266250.8999977
09:26:58 AM,2678.0,27,72306.0,2554338556.8999977
09:26:58 AM,2678.75,0,0.0,2554338556.8999977
09:26:58 AM,2678.0,125,334750.0,2554673306.8999977
09:26:59 AM,2678.75,0,0.0,2554673306.8999977
09:26:59 AM,2678.0,117,313326.0,2554986632.8999977
09:26:59 AM,2678.0,207,554346.0,2555540978.8999977
09:27:00 AM,2678.0,65,174070.0,2555715048.8999977
09:27:01 AM,2678.75,447,1197401.25,2556912450.1499977
09:27:01 AM,2678.0,0,0.0,2556912450.1499977
09:27:01 AM,2678.0,95,254410.0,2557166860.1499977
09:27:01 AM,2678.55,79,211605.45,2557378465.5999975
09:27:02 AM,2678.0,0,0.0,2557378465.5999975
09:27:02 AM,2678.0,102,273156.0,2557651621.5999975
09:27:02 AM,2678.4,15,40176.0,2557691797.5999975
09:27:03 AM,2678.5,0,0.0,2557691797.5999975
09:27:03 AM,2678.5,39,104461.5,2557796259.0999975
09:27:03 AM,2678.95,507,1358227.65,2559154486.7499976
09:27:04 AM,2678.0,0,0.0,2559154486.7499976
09:27:04 AM,2678.75,103,275911.25,2559430397.9999976
09:27:05 AM,2678.05,0,0.0,2559430397.9999976
09:27:05 AM,2678.7,0,0.0,2559430397.9999976
09:27:05 AM,2678.7,129,345552.3,2559775950.299998
09:27:06 AM,2678.0,0,0.0,2559775950.299998
09:27:06 AM,2678.65,0,0.0,2559775950.299998
09:27:06 AM,2678.0,178,476684.0,2560252634.299998
09:27:07 AM,2678.0,2,5356.0,2560257990.299998
09:27:08 AM,2678.55,59,158034.45,2560416024.7499976
09:27:09 AM,2678.55,21,56249.55,2560472274.299998
09:27:09 AM,2678.0,0,0.0,2560472274.299998
09:27:09 AM,2678.2,0,0.0,2560472274.299998
09:27:10 AM,2678.25,184,492798.0,2560965072.299998
09:27:10 AM,2678.0,0,0.0,2560965072.299998
09:27:10 AM,2678.0,18,48204.0,2561013276.299998
09:27:10 AM,2678.2,0,0.0,2561013276.299998
09:27:11 AM,2678.2,42,112484.4,2561125760.699998
09:27:11 AM,2678.0,0,0.0,2561125760.699998
09:27:11 AM,2677.95,322,862299.8999999999,2561988060.599998
09:27:11 AM,2677.95,385,1031010.7499999999,2563019071.349998
09:27:12 AM,2677.85,0,0.0,2563019071.349998
09:27:12 AM,2677.85,29,77657.65,2563096728.999998
09:27:12 AM,2677.85,59,157993.15,2563254722.149998
09:27:13 AM,2677.8,0,0.0,2563254722.149998
09:27:13 AM,2677.8,186,498070.80000000005,2563752792.9499984
09:27:13 AM,2677.1,2,5354.2,2563758147.149998
09:27:14 AM,2677.1,23,61573.299999999996,2563819720.4499984
09:27:14 AM,2677.8,41,109789.8,2563929510.2499986
09:27:15 AM,2677.1,0,0.0,2563929510.2499986
09:27:15 AM,2677.1,17,45510.7,2563975020.9499984
09:27:15 AM,2677.15,0,0.0,2563975020.9499984
09:27:15 AM,2677.8,128,342758.4,2564317779.3499985
09:27:16 AM,2677.15,0,0.0,2564317779.3499985
09:27:16 AM,2677.8,83,222257.40000000002,2564540036.7499986
09:27:16 AM,2677.1,38,101729.8,2564641766.5499988
09:27:17 AM,2677.8,103,275813.4,2564917579.949999
09:27:17 AM,2677.8,36,96400.8,2565013980.749999
09:27:18 AM,2677.1,0,0.0,2565013980.749999
09:27:18 AM,2677.1,111,297158.1,2565311138.849999
09:27:18 AM,2677.8,59,157990.2,2565469129.0499988
09:27:19 AM,2677.1,0,0.0,2565469129.0499988
09:27:19 AM,2677.1,32,85667.2,2565554796.2499986
09:27:19 AM,2677.7,0,0.0,2565554796.2499986
09:27:19 AM,2677.05,54,144560.7,2565699356.9499984
09:27:20 AM,2677.7,61,163339.69999999998,2565862696.649998
09:27:20 AM,2677.7,67,179405.9,2566042102.5499983
09:27:21 AM,2677.05,0,0.0,2566042102.5499983
09:27:21 AM,2677.75,157,420406.75,2566462509.2999983
09:27:21 AM,2677.75,51,136565.25,2566599074.5499983
09:27:22 AM,2677.1,0,0.0,2566599074.5499983
09:27:22 AM,2677.1,34,91021.4,2566690095.9499984
09:27:22 AM,2677.75,8,21422.0,2566711517.9499984
09:27:23 AM,2677.1,29,77635.9,2566789153.8499985
09:27:23 AM,2678.2,125,334775.0,2567123928.8499985
09:27:24 AM,2677.8,0,0.0,2567123928.8499985
09:27:24 AM,2677.75,29,77654.75,2567201583.5999985
09:27:24 AM,2677.85,0,0.0,2567201583.5999985
09:27:24 AM,2677.85,37,99080.45,2567300664.0499983
09:27:25 AM,2677.85,2,5355.7,2567306019.749998
09:27:25 AM,2677.25,29,77640.25,2567383659.999998
09:27:26 AM,2677.2,35,93702.0,2567477361.999998
09:27:26 AM,2677.2,7,18740.399999999998,2567496102.399998
09:27:27 AM,2677.85,0,0.0,2567496102.399998
09:27:27 AM,2677.2,7,18740.399999999998,2567514842.7999983
09:27:27 AM,2677.2,1,2677.2,2567517519.999998
09:27:28 AM,2677.85,0,0.0,2567517519.999998
09:27:28 AM,2677.85,16,42845.6,2567560365.599998
09:27:28 AM,2677.85,68,182093.8,2567742459.399998
09:27:29 AM,2677.3,0,0.0,2567742459.399998
09:27:29 AM,2677.3,124,331985.2,2568074444.599998
09:27:30 AM,2677.85,34,91046.9,2568165491.499998
09:27:30 AM,2677.85,53,141926.05,2568307417.5499983
09:27:31 AM,2677.2,0,0.0,2568307417.5499983
09:27:31 AM,2677.85,15,40167.75,2568347585.2999983
