date,price,qty,trnvr,cum_trnvr
09:15:00 AM,799.0,23238,18567162.0,18567162.0
09:15:02 AM,797.45,0,0.0,18567162.0
09:15:02 AM,798.55,0,0.0,18567162.0
09:15:04 AM,798.95,19156,15304686.200000001,33871848.2
09:15:05 AM,799.3,0,0.0,33871848.2
09:15:05 AM,799.75,0,0.0,33871848.2
09:15:07 AM,800.3,0,0.0,33871848.2
09:15:07 AM,800.35,0,0.0,33871848.2
09:15:09 AM,799.15,0,0.0,33871848.2
09:15:09 AM,798.8,0,0.0,33871848.2
09:15:10 AM,798.95,22574,18035497.3,51907345.5
09:15:10 AM,799.6,0,0.0,51907345.5
09:15:10 AM,798.9,0,0.0,51907345.5
09:15:12 AM,799.25,0,0.0,51907345.5
09:15:12 AM,799.1,0,0.0,51907345.5
09:15:13 AM,799.45,0,0.0,51907345.5
09:15:13 AM,799.65,0,0.0,51907345.5
09:15:14 AM,799.9,12200,9758780.0,61666125.5
09:15:15 AM,799.25,0,0.0,61666125.5
09:15:16 AM,799.5,0,0.0,61666125.5
09:15:16 AM,799.2,0,0.0,61666125.5
09:15:18 AM,799.45,0,0.0,61666125.5
09:15:19 AM,799.7,0,0.0,61666125.5
09:15:20 AM,799.7,10365,8288890.500000001,69955016.0
09:15:21 AM,800.05,0,0.0,69955016.0
09:15:22 AM,799.95,0,0.0,69955016.0
09:15:23 AM,799.85,5099,4078435.15,74033451.15
09:15:23 AM,799.7,0,0.0,74033451.15
09:15:23 AM,799.3,0,0.0,74033451.15
09:15:25 AM,799.75,0,0.0,74033451.15
09:15:25 AM,799.8,0,0.0,74033451.15
09:15:26 AM,799.7,0,0.0,74033451.15
09:15:26 AM,799.8,0,0.0,74033451.15
09:15:27 AM,799.9,0,0.0,74033451.15
09:15:27 AM,799.3,14715,11761699.5,85795150.65
09:15:28 AM,799.7,0,0.0,85795150.65
09:15:28 AM,799.9,0,0.0,85795150.65
09:15:29 AM,799.75,0,0.0,85795150.65
09:15:30 AM,799.3,2092,1672135.5999999999,87467286.25
09:15:30 AM,799.85,0,0.0,87467286.25
09:15:31 AM,800.2,0,0.0,87467286.25
09:15:32 AM,799.45,0,0.0,87467286.25
09:15:32 AM,799.6,0,0.0,87467286.25
09:15:33 AM,799.45,0,0.0,87467286.25
09:15:34 AM,799.05,0,0.0,87467286.25
09:15:34 AM,799.5,13677,10934761.5,98402047.75
09:15:35 AM,799.15,0,0.0,98402047.75
09:15:35 AM,798.9,0,0.0,98402047.75
09:15:36 AM,798.95,0,0.0,98402047.75
09:15:37 AM,799.0,4044,3231156.0,101633203.75
09:15:37 AM,798.45,0,0.0,101633203.75
09:15:37 AM,798.95,0,0.0,101633203.75
09:15:39 AM,799.1,0,0.0,101633203.75
09:15:39 AM,798.2,0,0.0,101633203.75
09:15:40 AM,798.7,0,0.0,101633203.75
09:15:40 AM,798.8,0,0.0,101633203.75
09:15:41 AM,798.8,5476,4374228.8,106007432.55
09:15:41 AM,798.85,0,0.0,106007432.55
09:15:42 AM,798.25,0,0.0,106007432.55
09:15:42 AM,798.15,0,0.0,106007432.55
09:15:43 AM,798.05,0,0.0,106007432.55
09:15:43 AM,798.0,16056,12812688.0,118820120.55
09:15:44 AM,797.5,0,0.0,118820120.55
09:15:45 AM,798.1,0,0.0,118820120.55
09:15:46 AM,797.9,0,0.0,118820120.55
09:15:47 AM,798.25,0,0.0,118820120.55
09:15:47 AM,798.4,0,0.0,118820120.55
09:15:47 AM,798.35,6299,5028806.65,123848927.2
09:15:48 AM,798.0,0,0.0,123848927.2
09:15:48 AM,798.15,0,0.0,123848927.2
09:15:49 AM,798.3,0,0.0,123848927.2
09:15:50 AM,798.3,1920,1532736.0,125381663.2
09:15:51 AM,797.9,0,0.0,125381663.2
09:15:52 AM,798.0,0,0.0,125381663.2
09:15:53 AM,798.15,0,0.0,125381663.2
09:15:53 AM,798.05,0,0.0,125381663.2
09:15:54 AM,798.05,3780,3016629.0,128398292.2
09:15:54 AM,797.6,0,0.0,128398292.2
09:15:54 AM,797.55,0,0.0,128398292.2
09:15:55 AM,797.5,0,0.0,128398292.2
09:15:55 AM,797.4,0,0.0,128398292.2
09:15:56 AM,797.85,2360,1882926.0,130281218.2
09:15:57 AM,797.8,0,0.0,130281218.2
09:15:57 AM,797.7,0,0.0,130281218.2
09:15:58 AM,798.05,0,0.0,130281218.2
09:15:59 AM,798.0,0,0.0,130281218.2
09:16:00 AM,797.8,0,0.0,130281218.2
09:16:00 AM,797.8,2760,2201928.0,132483146.2
09:16:01 AM,797.3,0,0.0,132483146.2
09:16:01 AM,797.2,0,0.0,132483146.2
09:16:02 AM,797.85,0,0.0,132483146.2
09:16:02 AM,797.5,0,0.0,132483146.2
09:16:03 AM,797.5,2030,1618925.0,134102071.2
09:16:04 AM,797.8,0,0.0,134102071.2
09:16:04 AM,797.85,0,0.0,134102071.2
09:16:05 AM,797.55,0,0.0,134102071.2
09:16:06 AM,797.95,0,0.0,134102071.2
09:16:06 AM,797.95,1677,1338162.1500000001,135440233.35
09:16:08 AM,797.8,0,0.0,135440233.35
09:16:09 AM,797.75,0,0.0,135440233.35
09:16:09 AM,797.8,875,698075.0,136138308.35
09:16:10 AM,797.95,0,0.0,136138308.35
09:16:11 AM,797.95,272,217042.40000000002,136355350.75
09:16:11 AM,797.5,0,0.0,136355350.75
09:16:11 AM,797.5,550,438625.0,136793975.75
09:16:12 AM,797.5,1564,1247290.0,138041265.75
09:16:12 AM,797.35,0,0.0,138041265.75
09:16:12 AM,797.7,511,407624.7,138448890.45
09:16:12 AM,797.75,0,0.0,138448890.45
09:16:13 AM,797.75,205,163538.75,138612429.2
09:16:13 AM,797.4,0,0.0,138612429.2
09:16:14 AM,797.4,373,297430.2,138909859.39999998
09:16:14 AM,797.35,0,0.0,138909859.39999998
09:16:14 AM,797.35,35,27907.25,138937766.64999998
09:16:14 AM,797.3,0,0.0,138937766.64999998
09:16:15 AM,797.3,634,505488.19999999995,139443254.84999996
09:16:15 AM,796.8,0,0.0,139443254.84999996
09:16:16 AM,797.2,2633,2099027.6,141542282.44999996
09:16:16 AM,797.15,0,0.0,141542282.44999996
09:16:16 AM,797.15,406,323642.89999999997,141865925.34999996
09:16:16 AM,797.05,0,0.0,141865925.34999996
09:16:17 AM,797.1,498,396955.8,142262881.14999998
09:16:17 AM,797.1,36,28695.600000000002,142291576.74999997
09:16:17 AM,796.7,0,0.0,142291576.74999997
09:16:18 AM,796.95,1680,1338876.0,143630452.74999997
09:16:18 AM,796.7,522,415877.4,144046330.14999998
09:16:18 AM,797.1,0,0.0,144046330.14999998
09:16:19 AM,797.1,952,758839.2000000001,144805169.34999996
09:16:19 AM,796.6,0,0.0,144805169.34999996
09:16:20 AM,796.6,387,308284.2,145113453.54999995
09:16:20 AM,796.45,0,0.0,145113453.54999995
09:16:20 AM,796.5,2001,1593796.5,146707250.04999995
09:16:20 AM,797.0,0,0.0,146707250.04999995
09:16:21 AM,796.5,2398,1910007.0,148617257.04999995
09:16:21 AM,796.5,213,169654.5,148786911.54999995
09:16:21 AM,796.7,0,0.0,148786911.54999995
09:16:22 AM,796.5,1437,1144570.5,149931482.04999995
09:16:22 AM,796.4,0,0.0,149931482.04999995
09:16:22 AM,796.15,3189,2538922.35,152470404.39999995
09:16:22 AM,796.35,0,0.0,152470404.39999995
09:16:23 AM,796.4,101,80436.4,152550840.79999995
09:16:23 AM,796.6,2,1593.2,152552433.99999994
09:16:23 AM,796.45,0,0.0,152552433.99999994
09:16:24 AM,796.45,4230,3368983.5,155921417.49999994
09:16:24 AM,796.0,368,292928.0,156214345.49999994
09:16:24 AM,796.4,0,0.0,156214345.49999994
09:16:25 AM,796.4,1328,1057619.2,157271964.69999993
09:16:25 AM,796.6,0,0.0,157271964.69999993
09:16:26 AM,796.6,215,171269.0,157443233.69999993
09:16:26 AM,796.7,0,0.0,157443233.69999993
09:16:26 AM,796.5,51,40621.5,157483855.19999993
09:16:26 AM,796.35,0,0.0,157483855.19999993
09:16:27 AM,796.5,45,35842.5,157519697.69999993
09:16:27 AM,796.5,53,42214.5,157561912.19999993
09:16:27 AM,796.6,0,0.0,157561912.19999993
09:16:28 AM,796.6,38,30270.8,157592182.99999994
09:16:28 AM,796.35,0,0.0,157592182.99999994
09:16:28 AM,796.65,53,42222.45,157634405.44999993
09:16:29 AM,796.6,177,140998.2,157775403.64999992
09:16:29 AM,796.65,0,0.0,157775403.64999992
09:16:29 AM,796.65,21,16729.649999999998,157792133.29999992
09:16:29 AM,796.55,0,0.0,157792133.29999992
09:16:30 AM,796.25,133,105901.25,157898034.54999992
09:16:30 AM,796.6,0,0.0,157898034.54999992
09:16:30 AM,796.35,8,6370.8,157904405.34999993
09:16:30 AM,796.25,0,0.0,157904405.34999993
09:16:31 AM,796.5,55,43807.5,157948212.84999993
09:16:31 AM,796.55,37,29472.35,157977685.19999993
09:16:31 AM,796.4,0,0.0,157977685.19999993
09:16:32 AM,796.4,245,195118.0,158172803.19999993
09:16:32 AM,796.25,533,424401.25,158597204.44999993
09:16:32 AM,796.6,0,0.0,158597204.44999993
09:16:33 AM,796.5,223,177619.5,158774823.94999993
09:16:33 AM,796.3,0,0.0,158774823.94999993
09:16:33 AM,796.5,524,417366.0,159192189.94999993
09:16:34 AM,796.0,3583,2852068.0,162044257.94999993
09:16:34 AM,796.2,12,9554.400000000001,162053812.34999993
09:16:34 AM,796.1,0,0.0,162053812.34999993
09:16:35 AM,796.0,993,790428.0,162844240.34999993
09:16:35 AM,795.45,0,0.0,162844240.34999993
09:16:36 AM,795.45,1045,831245.25,163675485.59999993
09:16:36 AM,795.45,639,508292.55000000005,164183778.14999995
09:16:36 AM,795.85,0,0.0,164183778.14999995
09:16:37 AM,795.85,486,386783.10000000003,164570561.24999994
09:16:37 AM,795.45,0,0.0,164570561.24999994
09:16:38 AM,795.4,820,652228.0,165222789.24999994
09:16:38 AM,795.8,27,21486.6,165244275.84999993
09:16:38 AM,795.9,0,0.0,165244275.84999993
09:16:39 AM,795.9,78,62080.2,165306356.04999992
09:16:39 AM,795.7,0,0.0,165306356.04999992
09:16:39 AM,796.0,1250,995000.0,166301356.04999992
09:16:39 AM,795.65,0,0.0,166301356.04999992
09:16:40 AM,795.85,504,401108.4,166702464.44999993
09:16:40 AM,795.65,0,0.0,166702464.44999993
09:16:40 AM,795.35,17,13520.95,166715985.39999992
09:16:40 AM,795.9,0,0.0,166715985.39999992
09:16:41 AM,795.7,424,337376.80000000005,167053362.19999993
09:16:41 AM,796.0,10,7960.0,167061322.19999993
09:16:42 AM,796.0,28,22288.0,167083610.19999993
09:16:42 AM,796.0,24,19104.0,167102714.19999993
09:16:42 AM,795.7,0,0.0,167102714.19999993
09:16:43 AM,795.7,306,243484.2,167346198.39999992
09:16:43 AM,796.0,0,0.0,167346198.39999992
09:16:43 AM,796.0,21,16716.0,167362914.39999992
09:16:43 AM,795.85,0,0.0,167362914.39999992
09:16:44 AM,795.85,178,141661.30000000002,167504575.69999993
09:16:44 AM,796.0,0,0.0,167504575.69999993
09:16:45 AM,795.8,90,71622.0,167576197.69999993
09:16:45 AM,795.8,56,44564.799999999996,167620762.49999994
09:16:45 AM,795.9,0,0.0,167620762.49999994
09:16:46 AM,795.9,1690,1345071.0,168965833.49999994
09:16:46 AM,795.5,100,79550.0,169045383.49999994
09:16:46 AM,795.4,0,0.0,169045383.49999994
09:16:47 AM,795.8,562,447239.6,169492623.09999993
09:16:47 AM,795.8,51,40585.799999999996,169533208.89999995
09:16:47 AM,795.4,0,0.0,169533208.89999995
09:16:48 AM,795.45,1275,1014198.75,170547407.64999995
09:16:48 AM,795.55,0,0.0,170547407.64999995
09:16:48 AM,795.9,93,74018.7,170621426.34999993
09:16:49 AM,795.9,7,5571.3,170626997.64999995
09:16:49 AM,795.8,20,15916.0,170642913.64999995
09:16:49 AM,795.95,0,0.0,170642913.64999995
09:16:50 AM,796.0,41,32636.0,170675549.64999995
09:16:50 AM,796.0,30,23880.0,170699429.64999995
09:16:51 AM,796.0,44,35024.0,170734453.64999995
09:16:51 AM,795.9,5,3979.5,170738433.14999995
09:16:51 AM,796.0,0,0.0,170738433.14999995
09:16:52 AM,796.0,549,437004.0,171175437.14999995
09:16:52 AM,796.0,4,3184.0,171178621.14999995
09:16:53 AM,796.0,222,176712.0,171355333.14999995
09:16:53 AM,796.15,1,796.15,171356129.29999995
09:16:53 AM,796.3,0,0.0,171356129.29999995
09:16:54 AM,796.3,187,148908.1,171505037.39999995
09:16:54 AM,796.3,810,645003.0,172150040.39999995
09:16:55 AM,796.05,1381,1099345.05,173249385.44999996
09:16:55 AM,796.05,39,31045.949999999997,173280431.39999995
09:16:55 AM,796.4,0,0.0,173280431.39999995
09:16:56 AM,796.15,126,100314.9,173380746.29999995
09:16:56 AM,796.4,0,0.0,173380746.29999995
09:16:56 AM,796.3,22,17518.6,173398264.89999995
09:16:56 AM,796.35,0,0.0,173398264.89999995
09:16:57 AM,796.35,80,63708.0,173461972.89999995
09:16:57 AM,796.35,3,2389.05,173464361.94999996
09:16:57 AM,796.4,0,0.0,173464361.94999996
09:16:58 AM,796.35,779,620356.65,174084718.59999996
09:16:58 AM,796.3,66,52555.799999999996,174137274.39999998
09:16:58 AM,796.25,0,0.0,174137274.39999998
09:16:59 AM,796.2,263,209400.6,174346674.99999997
09:16:59 AM,796.4,0,0.0,174346674.99999997
09:16:59 AM,796.4,21,16724.399999999998,174363399.39999998
09:16:59 AM,796.5,0,0.0,174363399.39999998
09:17:00 AM,796.5,210,167265.0,174530664.39999998
09:17:00 AM,796.35,133,105914.55,174636578.95
09:17:00 AM,796.3,0,0.0,174636578.95
09:17:01 AM,796.3,65,51759.5,174688338.45
09:17:01 AM,796.05,580,461709.0,175150047.45
09:17:01 AM,796.4,139,110699.59999999999,175260747.04999998
09:17:02 AM,796.4,70,55748.0,175316495.04999998
09:17:02 AM,796.4,2,1592.8,175318087.85
09:17:03 AM,796.05,0,0.0,175318087.85
09:17:03 AM,796.05,70,55723.5,175373811.35
09:17:03 AM,796.35,201,160066.35,175533877.7
09:17:04 AM,796.4,0,0.0,175533877.7
09:17:04 AM,796.45,564,449197.80000000005,175983075.5
09:17:04 AM,796.1,25,19902.5,176002978.0
09:17:05 AM,796.05,0,0.0,176002978.0
09:17:05 AM,796.4,33,26281.2,176029259.2
09:17:05 AM,796.1,235,187083.5,176216342.7
09:17:06 AM,796.4,0,0.0,176216342.7
09:17:06 AM,796.4,104,82825.59999999999,176299168.29999998
09:17:06 AM,796.45,325,258846.25000000003,176558014.54999998
09:17:06 AM,796.4,0,0.0,176558014.54999998
09:17:07 AM,796.45,0,0.0,176558014.54999998
09:17:07 AM,796.45,535,426100.75,176984115.29999998
09:17:07 AM,796.4,136,108310.4,177092425.7
09:17:08 AM,795.85,0,0.0,177092425.7
09:17:08 AM,796.1,3198,2545927.8000000003,179638353.5
09:17:08 AM,795.85,37,29446.45,179667799.95
09:17:09 AM,796.2,0,0.0,179667799.95
09:17:09 AM,796.2,24,19108.800000000003,179686908.75
09:17:09 AM,796.3,96,76444.79999999999,179763353.55
09:17:10 AM,796.35,0,0.0,179763353.55
09:17:10 AM,796.35,22,17519.7,179780873.25
09:17:10 AM,796.4,2079,1655715.5999999999,181436588.85
09:17:11 AM,796.5,0,0.0,181436588.85
09:17:11 AM,796.5,4,3186.0,181439774.85
09:17:11 AM,796.6,1900,1513540.0,182953314.85
09:17:12 AM,796.9,0,0.0,182953314.85
09:17:12 AM,797.0,2204,1756588.0,184709902.85
09:17:12 AM,797.0,37,29489.0,184739391.85
09:17:13 AM,796.75,0,0.0,184739391.85
09:17:13 AM,796.75,42,33463.5,184772855.35
09:17:13 AM,796.9,368,293259.2,185066114.54999998
09:17:14 AM,797.0,0,0.0,185066114.54999998
09:17:14 AM,796.75,17,13544.75,185079659.29999998
09:17:14 AM,797.0,191,152227.0,185231886.29999998
09:17:15 AM,796.65,0,0.0,185231886.29999998
09:17:15 AM,796.6,726,578331.6,185810217.89999998
09:17:15 AM,796.9,4,3187.6,185813405.49999997
09:17:16 AM,797.0,2927,2332819.0,188146224.49999997
09:17:16 AM,797.4,10,7974.0,188154198.49999997
09:17:17 AM,797.0,0,0.0,188154198.49999997
09:17:17 AM,797.35,16,12757.6,188166956.09999996
09:17:17 AM,797.05,1,797.05,188167753.14999998
09:17:18 AM,797.4,0,0.0,188167753.14999998
09:17:18 AM,797.45,217,173046.65000000002,188340799.79999998
09:17:18 AM,797.4,0,0.0,188340799.79999998
09:17:19 AM,797.05,141,112384.04999999999,188453183.85
09:17:19 AM,797.0,0,0.0,188453183.85
09:17:20 AM,796.95,0,0.0,188453183.85
09:17:20 AM,797.0,13,10361.0,188463544.85
09:17:20 AM,797.25,184,146694.0,188610238.85
09:17:21 AM,797.0,0,0.0,188610238.85
09:17:21 AM,797.0,5,3985.0,188614223.85
09:17:21 AM,797.3,8,6378.4,188620602.25
09:17:22 AM,797.4,0,0.0,188620602.25
09:17:22 AM,797.4,6,4784.4,188625386.65
09:17:23 AM,797.2,0,0.0,188625386.65
09:17:23 AM,796.8,352,280473.6,188905860.25
09:17:23 AM,797.0,25,19925.0,188925785.25
09:17:24 AM,797.25,0,0.0,188925785.25
09:17:24 AM,797.15,26,20725.899999999998,188946511.15
09:17:25 AM,796.95,0,0.0,188946511.15
09:17:25 AM,797.25,433,345209.25,189291720.4
09:17:25 AM,797.3,100,79730.0,189371450.4
09:17:26 AM,797.35,0,0.0,189371450.4
09:17:26 AM,797.05,1042,830526.1,190201976.5
09:17:26 AM,797.0,0,0.0,190201976.5
09:17:27 AM,797.05,0,0.0,190201976.5
09:17:27 AM,797.15,148,117978.2,190319954.7
09:17:27 AM,797.15,521,415315.14999999997,190735269.85
09:17:28 AM,797.2,0,0.0,190735269.85
09:17:28 AM,796.8,53,42230.399999999994,190777500.25
09:17:28 AM,796.75,394,313919.5,191091419.75
09:17:29 AM,796.9,0,0.0,191091419.75
09:17:29 AM,797.0,628,500516.0,191591935.75
09:17:29 AM,797.05,4,3188.2,191595123.95
09:17:30 AM,797.05,145,115572.25,191710696.2
09:17:30 AM,797.05,322,256650.09999999998,191967346.29999998
09:17:31 AM,797.15,0,0.0,191967346.29999998
09:17:31 AM,797.15,1000,797150.0,192764496.29999998
09:17:32 AM,796.7,0,0.0,192764496.29999998
09:17:32 AM,797.05,154,122745.7,192887241.99999997
09:17:32 AM,796.65,325,258911.25,193146153.24999997
09:17:33 AM,796.55,0,0.0,193146153.24999997
09:17:33 AM,796.95,1942,1547676.9000000001,194693830.14999998
09:17:33 AM,797.0,72,57384.0,194751214.14999998
09:17:34 AM,797.0,38,30286.0,194781500.14999998
09:17:34 AM,796.7,171,136235.7,194917735.84999996
09:17:35 AM,796.95,0,0.0,194917735.84999996
09:17:35 AM,796.95,129,102806.55,195020542.39999998
09:17:35 AM,796.95,25,19923.75,195040466.14999998
09:17:36 AM,797.1,0,0.0,195040466.14999998
09:17:36 AM,796.8,2813,2241398.4,197281864.54999998
09:17:36 AM,796.8,127,101193.59999999999,197383058.14999998
09:17:37 AM,797.0,0,0.0,197383058.14999998
09:17:37 AM,797.0,221,176137.0,197559195.14999998
09:17:37 AM,797.0,12,9564.0,197568759.14999998
09:17:38 AM,797.0,51,40647.0,197609406.14999998
09:17:38 AM,796.65,0,0.0,197609406.14999998
09:17:38 AM,796.65,267,212705.55,197822111.7
09:17:39 AM,796.7,0,0.0,197822111.7
09:17:39 AM,796.9,11,8765.9,197830877.6
09:17:39 AM,796.95,0,0.0,197830877.6
09:17:39 AM,796.95,10,7969.5,197838847.1
09:17:40 AM,797.0,285,227145.0,198065992.1
09:17:40 AM,796.7,0,0.0,198065992.1
09:17:40 AM,796.7,527,419860.9,198485853.0
09:17:41 AM,797.0,0,0.0,198485853.0
09:17:41 AM,796.95,478,380942.10000000003,198866795.1
09:17:42 AM,796.65,0,0.0,198866795.1
09:17:42 AM,797.0,624,497328.0,199364123.1
09:17:42 AM,797.0,20,15940.0,199380063.1
09:17:43 AM,797.0,61,48617.0,199428680.1
09:17:43 AM,797.0,8,6376.0,199435056.1
09:17:44 AM,797.0,640,510080.0,199945136.1
09:17:44 AM,796.9,0,0.0,199945136.1
09:17:44 AM,796.9,65,51798.5,199996934.6
09:17:45 AM,796.8,0,0.0,199996934.6
09:17:45 AM,797.15,1223,974914.45,200971849.04999998
09:17:45 AM,797.0,0,0.0,200971849.04999998
09:17:45 AM,797.0,314,250258.0,201222107.04999998
09:17:46 AM,797.3,0,0.0,201222107.04999998
09:17:46 AM,797.3,13,10364.9,201232471.95
09:17:46 AM,797.35,0,0.0,201232471.95
09:17:46 AM,797.35,38,30299.3,201262771.25
09:17:47 AM,797.0,0,0.0,201262771.25
09:17:47 AM,797.35,147,117210.45,201379981.7
09:17:47 AM,797.0,0,0.0,201379981.7
09:17:47 AM,797.0,12,9564.0,201389545.7
09:17:48 AM,797.3,0,0.0,201389545.7
09:17:48 AM,797.3,8,6378.4,201395924.1
09:17:49 AM,797.0,0,0.0,201395924.1
09:17:49 AM,797.0,240,191280.0,201587204.1
09:17:50 AM,797.25,0,0.0,201587204.1
09:17:50 AM,797.25,232,184962.0,201772166.1
09:17:50 AM,797.25,11,8769.75,201780935.85
09:17:51 AM,797.3,0,0.0,201780935.85
09:17:51 AM,797.35,188,149901.80000000002,201930837.65
09:17:51 AM,797.0,0,0.0,201930837.65
09:17:51 AM,797.0,4,3188.0,201934025.65
09:17:52 AM,797.35,0,0.0,201934025.65
09:17:52 AM,797.25,326,259903.5,202193929.15
09:17:52 AM,797.3,0,0.0,202193929.15
09:17:52 AM,797.3,10,7973.0,202201902.15
09:17:53 AM,797.25,0,0.0,202201902.15
09:17:53 AM,797.25,169,134735.25,202336637.4
09:17:54 AM,797.3,0,0.0,202336637.4
09:17:54 AM,797.3,451,359582.3,202696219.70000002
09:17:55 AM,797.25,115,91683.75,202787903.45000002
09:17:56 AM,796.75,0,0.0,202787903.45000002
09:17:56 AM,797.05,1535,1223471.75,204011375.20000002
09:17:56 AM,797.1,0,0.0,204011375.20000002
09:17:56 AM,797.1,1,797.1,204012172.3
09:17:57 AM,797.2,0,0.0,204012172.3
09:17:57 AM,797.25,69,55010.25,204067182.55
09:17:57 AM,796.9,0,0.0,204067182.55
09:17:57 AM,796.9,500,398450.0,204465632.55
09:17:58 AM,797.0,400,318800.0,204784432.55
09:17:58 AM,796.95,0,0.0,204784432.55
09:17:58 AM,796.95,6,4781.700000000001,204789214.25
09:17:59 AM,797.0,0,0.0,204789214.25
09:17:59 AM,797.0,3655,2913035.0,207702249.25
09:18:00 AM,796.9,0,0.0,207702249.25
09:18:00 AM,797.05,441,351499.05,208053748.3
09:18:00 AM,797.05,102,81299.09999999999,208135047.4
09:18:01 AM,796.95,168,133887.6,208268935.0
09:18:02 AM,797.25,48,38268.0,208307203.0
09:18:02 AM,797.35,0,0.0,208307203.0
09:18:02 AM,797.35,67,53422.450000000004,208360625.45
09:18:03 AM,797.4,72,57412.799999999996,208418038.25
09:18:04 AM,797.1,0,0.0,208418038.25
09:18:04 AM,797.3,14,11162.199999999999,208429200.45
09:18:05 AM,797.4,10,7974.0,208437174.45
09:18:06 AM,797.3,0,0.0,208437174.45
09:18:06 AM,797.3,93,74148.9,208511323.35
09:18:07 AM,796.95,0,0.0,208511323.35
09:18:07 AM,797.1,1337,1065722.7,209577046.04999998
09:18:07 AM,797.1,55,43840.5,209620886.54999998
09:18:08 AM,797.15,0,0.0,209620886.54999998
09:18:08 AM,797.2,736,586739.2000000001,210207625.74999997
09:18:09 AM,797.2,23,18335.600000000002,210225961.34999996
09:18:09 AM,797.25,0,0.0,210225961.34999996
09:18:09 AM,797.25,190,151477.5,210377438.84999996
09:18:10 AM,797.0,0,0.0,210377438.84999996
09:18:10 AM,797.3,301,239987.3,210617426.14999998
09:18:10 AM,797.25,0,0.0,210617426.14999998
09:18:11 AM,797.0,0,0.0,210617426.14999998
09:18:11 AM,797.0,156,124332.0,210741758.14999998
09:18:11 AM,797.4,100,79740.0,210821498.14999998
09:18:12 AM,797.2,0,0.0,210821498.14999998
09:18:12 AM,797.2,636,507019.2,211328517.34999996
09:18:12 AM,797.5,0,0.0,211328517.34999996
09:18:13 AM,797.25,0,0.0,211328517.34999996
09:18:13 AM,797.3,185,147500.5,211476017.84999996
09:18:14 AM,797.5,0,0.0,211476017.84999996
09:18:14 AM,797.35,339,270301.65,211746319.49999997
09:18:15 AM,797.45,0,0.0,211746319.49999997
09:18:15 AM,797.45,1,797.45,211747116.94999996
09:18:15 AM,797.65,38,30310.7,211777427.64999995
09:18:15 AM,797.5,0,0.0,211777427.64999995
09:18:16 AM,797.5,90,71775.0,211849202.64999995
09:18:16 AM,797.65,14,11167.1,211860369.74999994
09:18:17 AM,797.5,0,0.0,211860369.74999994
09:18:17 AM,797.65,288,229723.19999999998,212090092.94999993
09:18:17 AM,797.75,46,36696.5,212126789.44999993
09:18:17 AM,797.85,0,0.0,212126789.44999993
09:18:18 AM,797.85,697,556101.4500000001,212682890.89999992
09:18:19 AM,797.85,148,118081.8,212800972.69999993
09:18:19 AM,797.8,57,45474.6,212846447.29999992
09:18:19 AM,797.85,0,0.0,212846447.29999992
09:18:20 AM,797.55,0,0.0,212846447.29999992
09:18:20 AM,797.85,68,54253.8,212900701.09999993
09:18:20 AM,797.9,162,129259.8,213029960.89999995
09:18:20 AM,798.0,0,0.0,213029960.89999995
09:18:21 AM,797.75,0,0.0,213029960.89999995
09:18:21 AM,798.0,270,215460.0,213245420.89999995
09:18:21 AM,797.7,4,3190.8,213248611.69999996
09:18:22 AM,797.95,97,77401.15000000001,213326012.84999996
09:18:22 AM,797.95,33,26332.350000000002,213352345.19999996
09:18:23 AM,797.7,0,0.0,213352345.19999996
09:18:23 AM,797.8,78,62228.399999999994,213414573.59999996
09:18:23 AM,797.9,9,7181.099999999999,213421754.69999996
09:18:23 AM,797.85,0,0.0,213421754.69999996
09:18:24 AM,797.65,0,0.0,213421754.69999996
09:18:24 AM,797.65,543,433123.95,213854878.64999995
09:18:24 AM,798.0,30,23940.0,213878818.64999995
09:18:24 AM,797.95,0,0.0,213878818.64999995
09:18:25 AM,797.65,0,0.0,213878818.64999995
09:18:25 AM,797.65,314,250462.1,214129280.74999994
09:18:25 AM,797.8,0,0.0,214129280.74999994
09:18:26 AM,797.8,28,22338.399999999998,214151619.14999995
09:18:26 AM,797.55,0,0.0,214151619.14999995
09:18:27 AM,797.6,0,0.0,214151619.14999995
09:18:27 AM,797.8,1182,942999.6,215094618.74999994
09:18:28 AM,797.9,0,0.0,215094618.74999994
09:18:28 AM,797.9,339,270488.1,215365106.84999993
09:18:28 AM,797.95,0,0.0,215365106.84999993
09:18:29 AM,797.9,0,0.0,215365106.84999993
09:18:29 AM,797.9,433,345490.7,215710597.54999992
09:18:29 AM,797.9,4,3191.6,215713789.14999992
09:18:29 AM,797.85,0,0.0,215713789.14999992
09:18:30 AM,797.9,0,0.0,215713789.14999992
09:18:30 AM,797.65,188,149958.19999999998,215863747.3499999
09:18:30 AM,797.9,0,0.0,215863747.3499999
09:18:31 AM,798.0,0,0.0,215863747.3499999
09:18:31 AM,798.0,1033,824334.0,216688081.3499999
09:18:31 AM,797.7,221,176291.7,216864373.0499999
09:18:31 AM,797.9,0,0.0,216864373.0499999
09:18:32 AM,797.75,0,0.0,216864373.0499999
09:18:32 AM,797.75,1430,1140782.5,218005155.5499999
09:18:32 AM,797.8,48,38294.399999999994,218043449.9499999
09:18:33 AM,797.85,0,0.0,218043449.9499999
09:18:33 AM,797.5,343,273542.5,218316992.4499999
09:18:33 AM,797.4,501,399497.39999999997,218716489.8499999
09:18:33 AM,797.45,0,0.0,218716489.8499999
09:18:34 AM,797.5,0,0.0,218716489.8499999
09:18:34 AM,797.5,1204,960190.0,219676679.8499999
09:18:35 AM,797.8,0,0.0,219676679.8499999
09:18:35 AM,797.85,137,109305.45,219785985.2999999
09:18:35 AM,797.8,400,319120.0,220105105.2999999
09:18:36 AM,797.8,17,13562.599999999999,220118667.8999999
09:18:36 AM,797.55,0,0.0,220118667.8999999
09:18:37 AM,797.45,0,0.0,220118667.8999999
09:18:37 AM,797.35,6158,4910081.3,225028749.1999999
09:18:37 AM,797.65,0,0.0,225028749.1999999
09:18:38 AM,797.7,0,0.0,225028749.1999999
09:18:38 AM,797.7,210,167517.0,225196266.1999999
09:18:38 AM,797.8,0,0.0,225196266.1999999
09:18:39 AM,797.8,11,8775.8,225205041.9999999
09:18:39 AM,797.8,125,99725.0,225304766.9999999
09:18:39 AM,797.5,478,381205.0,225685971.9999999
09:18:40 AM,797.75,0,0.0,225685971.9999999
09:18:40 AM,797.2,2412,1922846.4000000001,227608818.39999992
09:18:40 AM,797.35,0,0.0,227608818.39999992
09:18:41 AM,797.45,0,0.0,227608818.39999992
09:18:41 AM,797.45,564,449761.80000000005,228058580.19999993
09:18:41 AM,797.4,63,50236.2,228108816.39999992
09:18:41 AM,797.3,0,0.0,228108816.39999992
09:18:42 AM,797.6,0,0.0,228108816.39999992
09:18:42 AM,797.6,2435,1942156.0,230050972.39999992
09:18:42 AM,797.3,1104,880219.2,230931191.5999999
09:18:43 AM,797.45,64,51036.8,230982228.39999992
09:18:43 AM,797.2,0,0.0,230982228.39999992
09:18:44 AM,797.55,0,0.0,230982228.39999992
09:18:44 AM,797.55,1437,1146079.3499999999,232128307.7499999
09:18:44 AM,797.5,471,375622.5,232503930.2499999
09:18:45 AM,797.15,0,0.0,232503930.2499999
09:18:45 AM,797.15,1856,1479510.4,233983440.64999992
09:18:45 AM,797.35,22,17541.7,234000982.3499999
09:18:45 AM,797.05,0,0.0,234000982.3499999
09:18:46 AM,797.35,0,0.0,234000982.3499999
09:18:46 AM,797.45,420,334929.0,234335911.3499999
09:18:46 AM,797.4,90,71766.0,234407677.3499999
09:18:47 AM,797.1,0,0.0,234407677.3499999
09:18:47 AM,797.1,1,797.1,234408474.4499999
09:18:47 AM,797.4,621,495185.39999999997,234903659.8499999
09:18:48 AM,797.45,0,0.0,234903659.8499999
09:18:48 AM,797.45,208,165869.6,235069529.4499999
09:18:48 AM,797.45,1104,880384.8,235949914.2499999
09:18:49 AM,797.2,0,0.0,235949914.2499999
09:18:49 AM,797.2,138,110013.6,236059927.8499999
09:18:49 AM,797.65,150,119647.5,236179575.3499999
09:18:50 AM,797.25,0,0.0,236179575.3499999
09:18:50 AM,797.25,342,272659.5,236452234.8499999
09:18:50 AM,797.25,135,107628.75,236559863.5999999
09:18:51 AM,797.25,1,797.25,236560660.8499999
09:18:51 AM,797.45,99,78947.55,236639608.39999992
09:18:52 AM,797.3,0,0.0,236639608.39999992
09:18:52 AM,797.6,50,39880.0,236679488.39999992
09:18:53 AM,797.65,0,0.0,236679488.39999992
09:18:53 AM,797.65,33,26322.45,236705810.8499999
09:18:53 AM,797.6,349,278362.4,236984173.2499999
09:18:53 AM,797.65,0,0.0,236984173.2499999
09:18:54 AM,797.4,0,0.0,236984173.2499999
09:18:54 AM,797.4,138,110041.2,237094214.4499999
09:18:54 AM,797.65,2,1595.3,237095809.7499999
09:18:54 AM,797.7,0,0.0,237095809.7499999
09:18:55 AM,797.85,0,0.0,237095809.7499999
09:18:55 AM,797.85,371,296002.35000000003,237391812.0999999
09:18:55 AM,797.9,33,26330.7,237418142.7999999
09:18:56 AM,797.45,0,0.0,237418142.7999999
09:18:56 AM,797.45,241,192185.45,237610328.24999988
09:18:56 AM,797.7,63,50255.100000000006,237660583.34999987
09:18:57 AM,797.35,0,0.0,237660583.34999987
09:18:57 AM,797.35,549,437745.15,238098328.49999988
09:18:57 AM,797.6,53,42272.8,238140601.2999999
09:18:57 AM,797.65,0,0.0,238140601.2999999
09:18:58 AM,797.65,488,389253.2,238529854.49999988
09:18:58 AM,797.65,81,64609.65,238594464.1499999
09:18:58 AM,797.65,4,3190.6,238597654.74999988
09:18:59 AM,797.5,0,0.0,238597654.74999988
09:18:59 AM,797.55,261,208160.55,238805815.2999999
09:18:59 AM,797.55,66,52638.299999999996,238858453.5999999
09:19:00 AM,797.35,0,0.0,238858453.5999999
09:19:00 AM,797.25,1502,1197469.5,240055923.0999999
09:19:00 AM,797.65,26,20738.899999999998,240076661.9999999
09:19:01 AM,797.7,0,0.0,240076661.9999999
09:19:01 AM,797.3,513,409014.89999999997,240485676.89999992
09:19:01 AM,797.45,35,27910.75,240513587.64999992
09:19:02 AM,797.2,0,0.0,240513587.64999992
09:19:02 AM,797.45,27,21531.15,240535118.79999992
09:19:02 AM,797.45,11,8771.95,240543890.7499999
09:19:03 AM,797.5,0,0.0,240543890.7499999
09:19:03 AM,797.5,58,46255.0,240590145.7499999
09:19:03 AM,797.55,1,797.55,240590943.29999992
09:19:04 AM,797.45,0,0.0,240590943.29999992
09:19:04 AM,797.1,60,47826.0,240638769.29999992
09:19:04 AM,797.4,0,0.0,240638769.29999992
09:19:05 AM,797.55,154,122822.7,240761591.9999999
09:19:05 AM,797.65,50,39882.5,240801474.4999999
09:19:06 AM,797.65,8,6381.2,240807855.6999999
09:19:06 AM,797.75,273,217785.75,241025641.4499999
09:19:07 AM,797.6,0,0.0,241025641.4499999
09:19:07 AM,797.4,235,187389.0,241213030.4499999
09:19:07 AM,797.5,61,48647.5,241261677.9499999
09:19:08 AM,797.2,0,0.0,241261677.9499999
09:19:08 AM,797.25,6936,5529726.0,246791403.9499999
09:19:08 AM,797.35,1005,801336.75,247592740.6999999
09:19:08 AM,797.05,0,0.0,247592740.6999999
09:19:09 AM,797.35,208,165848.80000000002,247758589.4999999
09:19:09 AM,797.3,0,0.0,247758589.4999999
09:19:10 AM,797.3,16,12756.8,247771346.29999992
09:19:10 AM,797.15,2,1594.3,247772940.59999993
09:19:11 AM,797.25,84,66969.0,247839909.59999993
09:19:12 AM,797.25,54,43051.5,247882961.09999993
09:19:12 AM,797.25,558,444865.5,248327826.59999993
09:19:13 AM,797.15,75,59786.25,248387612.84999993
09:19:14 AM,797.2,0,0.0,248387612.84999993
09:19:14 AM,796.85,15,11952.75,248399565.59999993
09:19:14 AM,797.2,1,797.2,248400362.79999992
09:19:15 AM,797.2,28,22321.600000000002,248422684.39999992
09:19:15 AM,797.3,26,20729.8,248443414.19999993
09:19:16 AM,797.3,26,20729.8,248464143.99999994
09:19:16 AM,797.25,650,518212.5,248982356.49999994
09:19:17 AM,797.45,0,0.0,248982356.49999994
09:19:17 AM,797.45,11,8771.95,248991128.44999993
09:19:17 AM,797.1,27,21521.7,249012650.14999992
09:19:18 AM,797.5,0,0.0,249012650.14999992
09:19:18 AM,797.5,55,43862.5,249056512.64999992
09:19:18 AM,797.5,72,57420.0,249113932.64999992
09:19:19 AM,797.5,7,5582.5,249119515.14999992
09:19:19 AM,797.3,1599,1274882.7,250394397.8499999
09:19:20 AM,797.15,2,1594.3,250395992.14999992
09:19:20 AM,797.4,99,78942.59999999999,250474934.7499999
09:19:21 AM,797.4,24,19137.6,250494072.3499999
09:19:21 AM,797.4,871,694535.4,251188607.7499999
09:19:22 AM,797.45,50,39872.5,251228480.2499999
09:19:22 AM,797.25,16,12756.0,251241236.2499999
09:19:23 AM,797.55,0,0.0,251241236.2499999
09:19:23 AM,797.55,71,56626.049999999996,251297862.29999992
09:19:23 AM,797.2,118,94069.6,251391931.89999992
09:19:24 AM,797.15,5,3985.75,251395917.64999992
09:19:25 AM,797.45,0,0.0,251395917.64999992
09:19:25 AM,797.45,47,37480.15,251433397.79999992
09:19:25 AM,797.5,71,56622.5,251490020.29999992
09:19:26 AM,797.45,0,0.0,251490020.29999992
09:19:26 AM,797.45,9,7177.05,251497197.34999993
09:19:26 AM,797.1,0,0.0,251497197.34999993
09:19:26 AM,797.1,1008,803476.8,252300674.14999995
09:19:27 AM,797.4,0,0.0,252300674.14999995
09:19:27 AM,797.4,125,99675.0,252400349.14999995
09:19:28 AM,797.15,5,3985.75,252404334.89999995
09:19:28 AM,797.45,0,0.0,252404334.89999995
09:19:28 AM,797.5,0,0.0,252404334.89999995
09:19:28 AM,797.5,33,26317.5,252430652.39999995
09:19:29 AM,797.15,0,0.0,252430652.39999995
09:19:29 AM,797.15,95,75729.25,252506381.64999995
09:19:29 AM,797.45,0,0.0,252506381.64999995
09:19:29 AM,797.45,5,3987.25,252510368.89999995
09:19:30 AM,797.5,0,0.0,252510368.89999995
09:19:30 AM,797.5,16,12760.0,252523128.89999995
09:19:30 AM,797.5,664,529540.0,253052668.89999995
09:19:31 AM,797.45,6,4784.700000000001,253057453.59999993
09:19:31 AM,797.5,0,0.0,253057453.59999993
09:19:31 AM,797.5,103,82142.5,253139596.09999993
09:19:32 AM,797.45,0,0.0,253139596.09999993
09:19:32 AM,797.45,16,12759.2,253152355.29999992
09:19:32 AM,797.5,0,0.0,253152355.29999992
09:19:32 AM,797.5,7,5582.5,253157937.79999992
09:19:33 AM,797.5,10,7975.0,253165912.79999992
09:19:33 AM,797.5,4,3190.0,253169102.79999992
09:19:34 AM,797.5,51,40672.5,253209775.29999992
09:19:34 AM,797.15,0,0.0,253209775.29999992
09:19:34 AM,797.15,119,94860.84999999999,253304636.14999992
09:19:35 AM,797.4,0,0.0,253304636.14999992
09:19:35 AM,797.45,137,109250.65000000001,253413886.79999992
09:19:36 AM,797.45,20,15949.0,253429835.79999992
09:19:36 AM,797.45,8,6379.6,253436215.39999992
09:19:37 AM,797.05,722,575470.1,254011685.4999999
09:19:37 AM,797.15,1,797.15,254012482.64999992
09:19:37 AM,797.4,0,0.0,254012482.64999992
09:19:38 AM,797.05,389,310052.44999999995,254322535.0999999
09:19:38 AM,797.4,0,0.0,254322535.0999999
09:19:38 AM,797.4,40,31896.0,254354431.0999999
09:19:38 AM,797.35,0,0.0,254354431.0999999
09:19:39 AM,797.35,173,137941.55000000002,254492372.64999992
09:19:39 AM,797.45,0,0.0,254492372.64999992
09:19:40 AM,797.2,1143,911199.6000000001,255403572.2499999
09:19:40 AM,797.5,89,70977.5,255474549.7499999
09:19:40 AM,797.1,0,0.0,255474549.7499999
09:19:41 AM,797.1,70,55797.0,255530346.7499999
09:19:41 AM,796.95,0,0.0,255530346.7499999
09:19:41 AM,797.15,1770,1410955.5,256941302.2499999
09:19:42 AM,797.35,215,171430.25,257112732.4999999
09:19:42 AM,797.3,71,56608.299999999996,257169340.79999992
09:19:42 AM,797.35,0,0.0,257169340.79999992
09:19:43 AM,797.35,533,424987.55,257594328.34999993
09:19:43 AM,797.4,0,0.0,257594328.34999993
09:19:43 AM,797.45,194,154705.30000000002,257749033.64999995
09:19:43 AM,797.05,0,0.0,257749033.64999995
09:19:44 AM,797.1,503,400941.3,258149974.94999996
09:19:44 AM,797.35,0,0.0,258149974.94999996
09:19:45 AM,797.0,146,116362.0,258266336.94999996
09:19:45 AM,797.3,610,486353.0,258752689.94999996
09:19:45 AM,797.45,0,0.0,258752689.94999996
09:19:46 AM,797.1,163,129927.3,258882617.24999997
09:19:46 AM,797.05,0,0.0,258882617.24999997
09:19:47 AM,797.05,113,90066.65,258972683.89999998
09:19:47 AM,797.2,0,0.0,258972683.89999998
09:19:48 AM,797.2,14,11160.800000000001,258983844.7
09:19:48 AM,797.35,2,1594.7,258985439.39999998
09:19:48 AM,797.4,0,0.0,258985439.39999998
09:19:49 AM,797.4,69,55020.6,259040459.99999997
09:19:49 AM,797.45,0,0.0,259040459.99999997
09:19:50 AM,797.45,34,27113.300000000003,259067573.29999998
09:19:50 AM,797.45,50,39872.5,259107445.79999998
09:19:51 AM,797.15,105,83700.75,259191146.54999998
09:19:51 AM,797.45,0,0.0,259191146.54999998
09:19:51 AM,797.45,22,17543.9,259208690.45
09:19:51 AM,797.5,0,0.0,259208690.45
09:19:52 AM,797.5,81,64597.5,259273287.95
09:19:52 AM,797.45,0,0.0,259273287.95
09:19:52 AM,797.45,347,276715.15,259550003.1
09:19:52 AM,797.1,0,0.0,259550003.1
09:19:53 AM,797.3,1154,920084.2,260470087.29999998
09:19:54 AM,797.1,0,0.0,260470087.29999998
09:19:54 AM,797.4,203,161872.19999999998,260631959.49999997
09:19:54 AM,797.4,10,7974.0,260639933.49999997
09:19:54 AM,797.1,20,15942.0,260655875.49999997
09:19:54 AM,797.1,889,708621.9,261364497.39999998
09:19:55 AM,797.35,0,0.0,261364497.39999998
09:19:55 AM,797.4,194,154695.6,261519192.99999997
09:19:55 AM,797.1,42,33478.200000000004,261552671.19999996
09:19:56 AM,797.45,100,79745.0,261632416.19999996
09:19:57 AM,797.35,0,0.0,261632416.19999996
09:19:57 AM,797.35,5,3986.75,261636402.94999996
09:19:58 AM,797.2,0,0.0,261636402.94999996
09:19:58 AM,797.2,76,60587.200000000004,261696990.14999995
09:19:59 AM,797.5,0,0.0,261696990.14999995
09:19:59 AM,797.5,200,159500.0,261856490.14999995
09:19:59 AM,797.45,0,0.0,261856490.14999995
09:20:00 AM,797.1,0,0.0,261856490.14999995
09:20:00 AM,797.1,333,265434.3,262121924.44999996
09:20:00 AM,797.35,153,121994.55,262243918.99999997
09:20:00 AM,797.45,0,0.0,262243918.99999997
09:20:01 AM,797.45,29,23126.050000000003,262267045.04999998
09:20:01 AM,797.35,220,175417.0,262442462.04999998
09:20:02 AM,797.2,0,0.0,262442462.04999998
09:20:02 AM,797.2,1,797.2,262443259.24999997
09:20:02 AM,797.25,100,79725.0,262522984.24999997
09:20:03 AM,796.8,0,0.0,262522984.24999997
09:20:03 AM,796.8,6423,5117846.399999999,267640830.64999998
09:20:03 AM,797.2,32,25510.4,267666341.04999998
09:20:04 AM,797.15,6,4782.9,267671123.95
09:20:04 AM,796.85,27,21514.95,267692638.89999998
09:20:05 AM,797.25,0,0.0,267692638.89999998
09:20:05 AM,797.25,546,435298.5,268127937.39999998
09:20:05 AM,797.3,72,57405.6,268185342.99999997
09:20:05 AM,797.0,0,0.0,268185342.99999997
09:20:06 AM,797.0,88,70136.0,268255478.99999997
09:20:06 AM,797.25,510,406597.5,268662076.5
09:20:07 AM,796.9,0,0.0,268662076.5
09:20:07 AM,796.9,95,75705.5,268737782.0
09:20:07 AM,797.2,266,212055.2,268949837.2
09:20:08 AM,797.3,0,0.0,268949837.2
09:20:08 AM,797.3,190,151487.0,269101324.2
09:20:08 AM,797.1,123,98043.3,269199367.5
09:20:09 AM,796.7,0,0.0,269199367.5
09:20:09 AM,796.7,6005,4784183.5,273983551.0
09:20:09 AM,796.9,528,420763.2,274404314.2
09:20:10 AM,796.6,0,0.0,274404314.2
09:20:10 AM,796.6,2055,1637013.0,276041327.2
09:20:10 AM,796.55,1927,1534951.8499999999,277576279.05
09:20:11 AM,796.75,0,0.0,277576279.05
09:20:11 AM,796.75,19,15138.25,277591417.3
09:20:11 AM,796.8,250,199200.0,277790617.3
09:20:11 AM,796.75,58,46211.5,277836828.8
09:20:12 AM,796.85,0,0.0,277836828.8
09:20:12 AM,796.85,242,192837.7,278029666.5
09:20:12 AM,796.65,91,72495.15,278102161.65
09:20:13 AM,796.65,1,796.65,278102958.29999995
09:20:14 AM,796.5,6385,5085652.5,283188610.79999995
09:20:14 AM,796.9,7,5578.3,283194189.09999996
09:20:15 AM,796.75,244,194407.0,283388596.09999996
09:20:15 AM,796.75,12,9561.0,283398157.09999996
09:20:16 AM,796.45,0,0.0,283398157.09999996
09:20:16 AM,796.1,2273,1809535.3,285207692.4
09:20:16 AM,796.35,11,8759.85,285216452.25
09:20:17 AM,796.4,0,0.0,285216452.25
09:20:17 AM,796.4,7,5574.8,285222027.05
09:20:18 AM,796.15,0,0.0,285222027.05
09:20:18 AM,796.35,93,74060.55,285296087.6
09:20:18 AM,796.25,7,5573.75,285301661.35
09:20:19 AM,796.5,22,17523.0,285319184.35
09:20:19 AM,796.3,0,0.0,285319184.35
09:20:20 AM,796.25,465,370256.25,285689440.6
09:20:20 AM,796.2,1,796.2,285690236.8
09:20:20 AM,796.4,0,0.0,285690236.8
09:20:21 AM,796.4,38,30263.2,285720500.0
09:20:21 AM,796.15,1233,981652.95,286702152.95
09:20:22 AM,796.1,30,23883.0,286726035.95
09:20:22 AM,796.4,0,0.0,286726035.95
09:20:23 AM,796.25,35,27868.75,286753904.7
09:20:23 AM,796.4,0,0.0,286753904.7
09:20:23 AM,796.5,13,10354.5,286764259.2
09:20:23 AM,796.25,0,0.0,286764259.2
09:20:24 AM,796.25,1,796.25,286765055.45
09:20:24 AM,796.55,24,19117.199999999997,286784172.65
09:20:25 AM,796.2,0,0.0,286784172.65
09:20:25 AM,796.1,79,62891.9,286847064.54999995
09:20:25 AM,796.35,0,0.0,286847064.54999995
09:20:26 AM,796.35,29,23094.15,286870158.6999999
09:20:26 AM,796.1,0,0.0,286870158.6999999
09:20:26 AM,796.1,23,18310.3,286888468.99999994
09:20:26 AM,796.25,64,50960.0,286939428.99999994
09:20:26 AM,796.05,0,0.0,286939428.99999994
09:20:27 AM,796.35,0,0.0,286939428.99999994
09:20:27 AM,796.05,68,54131.399999999994,286993560.3999999
09:20:28 AM,796.15,0,0.0,286993560.3999999
09:20:28 AM,796.55,60,47793.0,287041353.3999999
09:20:28 AM,796.25,0,0.0,287041353.3999999
09:20:29 AM,796.35,0,0.0,287041353.3999999
09:20:29 AM,796.6,139,110727.40000000001,287152080.7999999
09:20:29 AM,796.35,3,2389.05,287154469.8499999
09:20:30 AM,796.35,629,500904.15,287655373.9999999
09:20:30 AM,796.5,0,0.0,287655373.9999999
09:20:31 AM,796.5,25,19912.5,287675286.4999999
09:20:31 AM,796.35,0,0.0,287675286.4999999
09:20:31 AM,796.6,141,112320.6,287787607.0999999
09:20:31 AM,796.55,1,796.55,287788403.6499999
09:20:32 AM,796.35,0,0.0,287788403.6499999
09:20:32 AM,796.35,20,15927.0,287804330.6499999
09:20:33 AM,796.3,1024,815411.2,288619741.8499999
09:20:34 AM,796.55,0,0.0,288619741.8499999
09:20:34 AM,796.55,13,10355.15,288630096.9999999
09:20:35 AM,796.2,0,0.0,288630096.9999999
09:20:35 AM,796.6,0,0.0,288630096.9999999
09:20:36 AM,796.6,1162,925649.2000000001,289555746.19999987
09:20:36 AM,796.25,0,0.0,289555746.19999987
09:20:36 AM,796.55,134,106737.7,289662483.89999986
09:20:36 AM,796.6,0,0.0,289662483.89999986
09:20:37 AM,796.25,262,208617.5,289871101.39999986
09:20:37 AM,796.6,0,0.0,289871101.39999986
09:20:38 AM,796.6,1005,800583.0,290671684.39999986
09:20:38 AM,796.45,0,0.0,290671684.39999986
09:20:39 AM,796.45,22,17521.9,290689206.29999983
09:20:39 AM,796.7,0,0.0,290689206.29999983
09:20:39 AM,796.7,4,3186.8,290692393.09999985
09:20:40 AM,796.7,20,15934.0,290708327.09999985
09:20:40 AM,796.7,9,7170.3,290715497.39999986
09:20:40 AM,796.5,0,0.0,290715497.39999986
09:20:41 AM,796.7,310,246977.0,290962474.39999986
09:20:42 AM,796.6,0,0.0,290962474.39999986
09:20:42 AM,796.6,10,7966.0,290970440.39999986
09:20:42 AM,796.65,0,0.0,290970440.39999986
09:20:42 AM,796.7,60,47802.0,291018242.39999986
09:20:43 AM,796.7,3,2390.1000000000004,291020632.4999999
09:20:43 AM,796.7,75,59752.5,291080384.9999999
09:20:44 AM,796.35,5,3981.75,291084366.7499999
09:20:45 AM,796.35,30,23890.5,291108257.2499999
09:20:46 AM,796.5,26,20709.0,291128966.2499999
09:20:47 AM,796.8,0,0.0,291128966.2499999
09:20:47 AM,796.8,379,301987.2,291430953.44999987
09:20:47 AM,796.65,0,0.0,291430953.44999987
09:20:47 AM,796.65,5,3983.25,291434936.69999987
09:20:48 AM,796.8,0,0.0,291434936.69999987
09:20:48 AM,796.8,19,15139.199999999999,291450075.89999986
09:20:48 AM,796.65,0,0.0,291450075.89999986
09:20:48 AM,796.65,200,159330.0,291609405.89999986
09:20:49 AM,796.8,0,0.0,291609405.89999986
09:20:49 AM,796.5,0,0.0,291609405.89999986
09:20:49 AM,796.8,221,176092.8,291785498.69999987
09:20:49 AM,796.8,6,4780.799999999999,291790279.4999999
09:20:50 AM,796.55,0,0.0,291790279.4999999
09:20:50 AM,796.9,220,175318.0,291965597.4999999
09:20:51 AM,796.6,0,0.0,291965597.4999999
09:20:51 AM,796.9,132,105190.8,292070788.2999999
09:20:52 AM,796.65,0,0.0,292070788.2999999
09:20:52 AM,796.65,36,28679.399999999998,292099467.69999987
09:20:53 AM,796.65,68,54172.2,292153639.89999986
09:20:53 AM,796.65,6,4779.9,292158419.79999983
09:20:54 AM,796.8,0,0.0,292158419.79999983
09:20:54 AM,796.9,394,313978.6,292472398.39999986
09:20:55 AM,796.85,0,0.0,292472398.39999986
09:20:55 AM,796.85,5,3984.25,292476382.64999986
09:20:55 AM,796.85,137,109168.45,292585551.09999985
09:20:56 AM,796.55,0,0.0,292585551.09999985
09:20:56 AM,796.4,803,639509.2,293225060.29999983
09:20:56 AM,796.8,1550,1235040.0,294460100.29999983
09:20:57 AM,796.75,27,21512.25,294481612.54999983
09:20:58 AM,796.65,0,0.0,294481612.54999983
09:20:58 AM,796.65,3,2389.95,294484002.4999998
09:20:58 AM,796.8,0,0.0,294484002.4999998
09:20:58 AM,796.85,66,52592.1,294536594.59999985
09:20:59 AM,796.9,0,0.0,294536594.59999985
09:20:59 AM,797.0,1781,1419457.0,295956051.59999985
09:20:59 AM,796.75,110,87642.5,296043694.09999985
09:21:00 AM,796.75,50,39837.5,296083531.59999985
09:21:01 AM,797.0,1,797.0,296084328.59999985
09:21:01 AM,797.0,366,291702.0,296376030.59999985
09:21:02 AM,797.0,12,9564.0,296385594.59999985
09:21:02 AM,797.15,110,87686.5,296473281.09999985
09:21:03 AM,797.05,184,146657.19999999998,296619938.29999983
09:21:04 AM,797.0,8,6376.0,296626314.29999983
09:21:04 AM,796.95,18,14345.1,296640659.39999986
09:21:05 AM,797.0,0,0.0,296640659.39999986
09:21:05 AM,797.0,20,15940.0,296656599.39999986
09:21:06 AM,797.1,0,0.0,296656599.39999986
09:21:06 AM,797.1,232,184927.2,296841526.59999985
09:21:06 AM,797.15,3,2391.45,296843918.04999983
09:21:07 AM,797.15,1,797.15,296844715.1999998
09:21:07 AM,797.15,7,5580.05,296850295.2499998
09:21:08 AM,797.15,7,5580.05,296855875.29999983
09:21:08 AM,796.9,275,219147.5,297075022.79999983
09:21:09 AM,797.15,0,0.0,297075022.79999983
09:21:09 AM,797.25,181,144302.25,297219325.04999983
09:21:10 AM,797.1,6,4782.6,297224107.64999986
09:21:10 AM,797.25,0,0.0,297224107.64999986
09:21:10 AM,797.35,448,357212.8,297581320.44999987
09:21:11 AM,797.4,0,0.0,297581320.44999987
09:21:12 AM,797.35,0,0.0,297581320.44999987
09:21:12 AM,797.35,70,55814.5,297637134.94999987
09:21:13 AM,797.05,0,0.0,297637134.94999987
09:21:13 AM,797.35,50,39867.5,297677002.44999987
09:21:13 AM,797.3,0,0.0,297677002.44999987
09:21:13 AM,797.05,2,1594.1,297678596.5499999
09:21:14 AM,797.35,0,0.0,297678596.5499999
09:21:14 AM,797.35,117,93289.95,297771886.4999999
09:21:15 AM,797.0,0,0.0,297771886.4999999
09:21:15 AM,797.0,1001,797797.0,298569683.4999999
09:21:15 AM,797.35,50,39867.5,298609550.9999999
09:21:16 AM,797.35,26,20731.100000000002,298630282.0999999
09:21:17 AM,797.2,0,0.0,298630282.0999999
09:21:17 AM,797.2,71,56601.200000000004,298686883.2999999
09:21:18 AM,797.2,7,5580.400000000001,298692463.69999987
09:21:18 AM,796.95,1,796.95,298693260.64999986
09:21:19 AM,797.25,0,0.0,298693260.64999986
09:21:19 AM,797.3,237,188960.09999999998,298882220.7499999
09:21:20 AM,796.9,0,0.0,298882220.7499999
09:21:20 AM,797.1,143,113985.3,298996206.0499999
09:21:20 AM,797.0,71,56587.0,299052793.0499999
09:21:21 AM,797.0,2220,1769340.0,300822133.0499999
09:21:21 AM,797.0,7,5579.0,300827712.0499999
09:21:21 AM,796.65,200,159330.0,300987042.0499999
09:21:22 AM,796.95,0,0.0,300987042.0499999
09:21:22 AM,797.0,67,53399.0,301040441.0499999
09:21:22 AM,797.0,50,39850.0,301080291.0499999
09:21:23 AM,797.0,56,44632.0,301124923.0499999
09:21:23 AM,797.0,20,15940.0,301140863.0499999
09:21:24 AM,797.0,2,1594.0,301142457.0499999
09:21:24 AM,797.0,47,37459.0,301179916.0499999
09:21:25 AM,796.75,0,0.0,301179916.0499999
09:21:25 AM,796.75,150,119512.5,301299428.5499999
09:21:25 AM,797.0,28,22316.0,301321744.5499999
09:21:26 AM,797.0,169,134693.0,301456437.5499999
09:21:27 AM,796.7,5,3983.5,301460421.0499999
09:21:27 AM,796.8,0,0.0,301460421.0499999
09:21:27 AM,796.5,205,163282.5,301623703.5499999
09:21:28 AM,796.5,10,7965.0,301631668.5499999
09:21:29 AM,796.5,17,13540.5,301645209.0499999
09:21:29 AM,796.7,482,384009.4,302029218.44999987
09:21:30 AM,796.75,0,0.0,302029218.44999987
09:21:30 AM,796.75,63,50195.25,302079413.69999987
09:21:30 AM,796.75,66,52585.5,302131999.19999987
09:21:31 AM,796.85,0,0.0,302131999.19999987
09:21:31 AM,796.85,2,1593.7,302133592.89999986
09:21:32 AM,796.95,4,3187.8,302136780.69999987
09:21:32 AM,797.0,0,0.0,302136780.69999987
09:21:33 AM,797.0,621,494937.0,302631717.69999987
09:21:34 AM,796.95,13,10360.35,302642078.0499999
09:21:35 AM,796.95,164,130699.8,302772777.8499999
09:21:35 AM,796.95,50,39847.5,302812625.3499999
09:21:36 AM,796.6,0,0.0,302812625.3499999
09:21:36 AM,796.6,79,62931.4,302875556.7499999
09:21:36 AM,796.7,26,20714.2,302896270.94999987
09:21:37 AM,796.6,0,0.0,302896270.94999987
09:21:37 AM,796.6,227,180828.2,303077099.14999986
09:21:37 AM,796.65,28,22306.2,303099405.34999985
09:21:38 AM,796.6,0,0.0,303099405.34999985
09:21:38 AM,796.6,6,4779.6,303104184.94999987
09:21:39 AM,796.65,0,0.0,303104184.94999987
09:21:39 AM,796.65,13,10356.449999999999,303114541.39999986
09:21:40 AM,796.4,3321,2644844.4,305759385.79999983
09:21:41 AM,796.5,0,0.0,305759385.79999983
09:21:41 AM,796.5,58,46197.0,305805582.79999983
09:21:42 AM,796.5,57,45400.5,305850983.29999983
09:21:43 AM,796.5,50,39825.0,305890808.29999983
09:21:43 AM,796.45,0,0.0,305890808.29999983
09:21:44 AM,796.5,0,0.0,305890808.29999983
09:21:44 AM,796.5,199,158503.5,306049311.79999983
09:21:45 AM,796.45,0,0.0,306049311.79999983
09:21:45 AM,796.45,78,62123.100000000006,306111434.89999986
09:21:46 AM,796.25,0,0.0,306111434.89999986
09:21:46 AM,796.25,961,765196.25,306876631.14999986
09:21:46 AM,796.25,10,7962.5,306884593.64999986
09:21:47 AM,796.15,0,0.0,306884593.64999986
09:21:47 AM,796.0,0,0.0,306884593.64999986
09:21:47 AM,796.15,45,35826.75,306920420.39999986
09:21:48 AM,796.05,0,0.0,306920420.39999986
09:21:48 AM,796.05,2,1592.1,306922012.4999999
09:21:49 AM,796.05,4312,3432567.5999999996,310354580.0999999
09:21:50 AM,796.15,0,0.0,310354580.0999999
09:21:50 AM,796.15,123,97926.45,310452506.5499999
09:21:50 AM,796.0,5,3980.0,310456486.5499999
09:21:51 AM,796.0,127,101092.0,310557578.5499999
09:21:51 AM,795.8,56,44564.799999999996,310602143.3499999
09:21:52 AM,796.0,0,0.0,310602143.3499999
09:21:52 AM,796.0,209,166364.0,310768507.3499999
09:21:52 AM,796.0,5,3980.0,310772487.3499999
09:21:53 AM,795.8,0,0.0,310772487.3499999
09:21:53 AM,796.15,1955,1556473.25,312328960.5999999
09:21:55 AM,796.0,0,0.0,312328960.5999999
09:21:55 AM,796.0,107,85172.0,312414132.5999999
09:21:55 AM,796.25,200,159250.0,312573382.5999999
09:21:56 AM,796.0,0,0.0,312573382.5999999
09:21:56 AM,796.0,227,180692.0,312754074.5999999
09:21:56 AM,796.3,0,0.0,312754074.5999999
09:21:56 AM,796.3,9,7166.7,312761241.2999999
09:21:57 AM,796.25,0,0.0,312761241.2999999
09:21:57 AM,796.25,96,76440.0,312837681.2999999
09:21:58 AM,796.2,0,0.0,312837681.2999999
09:21:58 AM,796.15,72,57322.799999999996,312895004.0999999
09:21:59 AM,796.05,0,0.0,312895004.0999999
09:21:59 AM,796.1,721,573988.1,313468992.1999999
09:21:59 AM,796.1,1,796.1,313469788.29999995
09:22:00 AM,796.25,0,0.0,313469788.29999995
09:22:00 AM,795.8,0,0.0,313469788.29999995
09:22:00 AM,795.8,994,791025.2,314260813.49999994
09:22:00 AM,795.95,14,11143.300000000001,314271956.79999995
09:22:01 AM,795.75,0,0.0,314271956.79999995
09:22:01 AM,796.05,1011,804806.5499999999,315076763.34999996
09:22:01 AM,795.95,19,15123.050000000001,315091886.4
09:22:02 AM,795.9,105,83569.5,315175455.9
09:22:03 AM,795.8,0,0.0,315175455.9
09:22:03 AM,795.8,408,324686.39999999997,315500142.29999995
09:22:03 AM,795.75,1837,1461792.75,316961935.04999995
09:22:04 AM,795.65,0,0.0,316961935.04999995
09:22:04 AM,795.65,10,7956.5,316969891.54999995
09:22:05 AM,795.45,0,0.0,316969891.54999995
09:22:05 AM,795.35,589,468461.15,317438352.6999999
09:22:05 AM,795.7,100,79570.0,317517922.6999999
09:22:06 AM,795.7,24,19096.800000000003,317537019.49999994
09:22:06 AM,795.75,14,11140.5,317548159.99999994
09:22:07 AM,795.75,28,22281.0,317570440.99999994
09:22:07 AM,795.65,31,24665.149999999998,317595106.1499999
09:22:08 AM,795.4,100,79540.0,317674646.1499999
09:22:09 AM,795.7,0,0.0,317674646.1499999
09:22:09 AM,795.45,298,237044.1,317911690.24999994
09:22:09 AM,795.7,0,0.0,317911690.24999994
09:22:09 AM,795.7,11,8752.7,317920442.9499999
09:22:10 AM,795.55,0,0.0,317920442.9499999
09:22:10 AM,795.3,945,751558.5,318672001.4499999
09:22:10 AM,795.4,0,0.0,318672001.4499999
09:22:10 AM,795.4,11,8749.4,318680750.8499999
09:22:11 AM,795.2,0,0.0,318680750.8499999
09:22:11 AM,795.2,140,111328.0,318792078.8499999
09:22:12 AM,795.5,0,0.0,318792078.8499999
09:22:12 AM,795.55,79,62848.45,318854927.2999999
09:22:13 AM,795.4,0,0.0,318854927.2999999
09:22:13 AM,795.55,1067,848851.85,319703779.1499999
09:22:13 AM,795.55,5,3977.75,319707756.8999999
09:22:14 AM,795.25,0,0.0,319707756.8999999
09:22:14 AM,795.55,49,38981.95,319746738.8499999
09:22:14 AM,795.5,24,19092.0,319765830.8499999
09:22:15 AM,795.5,33,26251.5,319792082.3499999
09:22:15 AM,795.55,128,101830.4,319893912.7499999
09:22:16 AM,795.55,427,339699.85,320233612.5999999
09:22:17 AM,795.55,71,56484.049999999996,320290096.6499999
09:22:17 AM,795.7,167,132881.9,320422978.5499999
09:22:18 AM,795.5,0,0.0,320422978.5499999
09:22:18 AM,795.4,325,258505.0,320681483.5499999
09:22:18 AM,795.65,330,262564.5,320944048.0499999
09:22:19 AM,795.6,0,0.0,320944048.0499999
09:22:19 AM,795.5,73,58071.5,321002119.5499999
09:22:19 AM,795.5,19,15114.5,321017234.0499999
09:22:20 AM,795.55,48,38186.399999999994,321055420.44999987
09:22:20 AM,795.7,36,28645.2,321084065.64999986
09:22:21 AM,795.55,0,0.0,321084065.64999986
09:22:21 AM,795.55,6,4773.299999999999,321088838.94999987
09:22:22 AM,795.55,302,240256.09999999998,321329095.0499999
09:22:22 AM,795.55,8,6364.4,321335459.44999987
09:22:23 AM,795.5,186,147963.0,321483422.44999987
09:22:23 AM,795.5,16,12728.0,321496150.44999987
09:22:24 AM,795.25,192,152688.0,321648838.44999987
09:22:24 AM,795.6,2,1591.2,321650429.64999986
09:22:25 AM,795.35,0,0.0,321650429.64999986
09:22:25 AM,795.35,1149,913857.15,322564286.79999983
09:22:25 AM,795.6,38,30232.8,322594519.59999985
09:22:26 AM,795.45,0,0.0,322594519.59999985
09:22:26 AM,795.55,0,0.0,322594519.59999985
09:22:26 AM,795.55,477,379477.35,322973996.94999987
09:22:26 AM,795.8,7,5570.599999999999,322979567.5499999
09:22:27 AM,795.4,0,0.0,322979567.5499999
09:22:27 AM,795.4,226,179760.4,323159327.94999987
09:22:28 AM,795.55,0,0.0,323159327.94999987
09:22:28 AM,795.6,0,0.0,323159327.94999987
09:22:28 AM,795.6,50,39780.0,323199107.94999987
09:22:28 AM,795.3,758,602837.4,323801945.34999985
09:22:29 AM,795.25,0,0.0,323801945.34999985
09:22:29 AM,795.25,98,77934.5,323879879.84999985
09:22:29 AM,795.6,78,62056.8,323941936.64999986
09:22:30 AM,795.65,0,0.0,323941936.64999986
09:22:30 AM,795.65,38,30234.7,323972171.34999985
09:22:30 AM,795.7,86,68430.2,324040601.54999983
09:22:31 AM,795.85,0,0.0,324040601.54999983
09:22:31 AM,795.35,0,0.0,324040601.54999983
09:22:31 AM,795.35,216,171795.6,324212397.14999986
09:22:32 AM,795.7,0,0.0,324212397.14999986
09:22:32 AM,795.3,0,0.0,324212397.14999986
09:22:32 AM,795.55,239,190136.44999999998,324402533.59999985
09:22:33 AM,795.25,0,0.0,324402533.59999985
09:22:33 AM,795.25,22,17495.5,324420029.09999985
09:22:33 AM,795.25,165,131216.25,324551245.34999985
09:22:34 AM,795.6,0,0.0,324551245.34999985
09:22:34 AM,795.55,0,0.0,324551245.34999985
09:22:34 AM,795.6,108,85924.8,324637170.14999986
09:22:34 AM,795.25,216,171774.0,324808944.14999986
09:22:35 AM,795.55,0,0.0,324808944.14999986
09:22:35 AM,795.55,120,95466.0,324904410.14999986
09:22:35 AM,795.55,10,7955.5,324912365.64999986
09:22:36 AM,795.45,0,0.0,324912365.64999986
09:22:36 AM,795.45,189,150340.05000000002,325062705.69999987
09:22:36 AM,795.55,40,31822.0,325094527.69999987
09:22:37 AM,795.95,0,0.0,325094527.69999987
09:22:37 AM,795.6,0,0.0,325094527.69999987
09:22:37 AM,795.6,316,251409.6,325345937.2999999
09:22:37 AM,795.95,33,26266.350000000002,325372203.6499999
09:22:38 AM,796.0,0,0.0,325372203.6499999
09:22:38 AM,795.95,0,0.0,325372203.6499999
09:22:38 AM,795.95,146,116208.70000000001,325488412.3499999
09:22:38 AM,795.7,6,4774.200000000001,325493186.5499999
09:22:39 AM,796.0,0,0.0,325493186.5499999
09:22:39 AM,795.95,744,592186.8,326085373.3499999
09:22:40 AM,796.15,0,0.0,326085373.3499999
09:22:40 AM,796.25,375,298593.75,326383967.0999999
09:22:41 AM,796.2,59,46975.8,326430942.8999999
09:22:42 AM,796.05,0,0.0,326430942.8999999
09:22:42 AM,795.8,0,0.0,326430942.8999999
09:22:42 AM,795.7,654,520387.80000000005,326951330.6999999
09:22:43 AM,795.9,0,0.0,326951330.6999999
09:22:43 AM,795.65,424,337355.6,327288686.29999995
09:22:44 AM,795.95,0,0.0,327288686.29999995
09:22:44 AM,795.75,45,35808.75,327324495.04999995
09:22:45 AM,795.8,0,0.0,327324495.04999995
09:22:45 AM,795.85,72,57301.200000000004,327381796.24999994
09:22:46 AM,795.65,0,0.0,327381796.24999994
09:22:46 AM,795.65,40,31826.0,327413622.24999994
09:22:47 AM,795.8,0,0.0,327413622.24999994
09:22:47 AM,795.8,29,23078.199999999997,327436700.4499999
09:22:48 AM,795.65,0,0.0,327436700.4499999
09:22:48 AM,795.75,0,0.0,327436700.4499999
09:22:48 AM,795.5,1291,1026990.5,328463690.9499999
09:22:49 AM,795.55,0,0.0,328463690.9499999
09:22:49 AM,795.55,4,3182.2,328466873.1499999
09:22:49 AM,795.45,0,0.0,328466873.1499999
09:22:50 AM,795.6,2661,2117091.6,330583964.74999994
09:22:50 AM,795.65,1000,795650.0,331379614.74999994
09:22:50 AM,795.3,0,0.0,331379614.74999994
09:22:51 AM,795.6,0,0.0,331379614.74999994
09:22:51 AM,795.6,5607,4460929.2,335840543.9499999
09:22:51 AM,795.5,0,0.0,335840543.9499999
09:22:52 AM,795.5,2174,1729417.0,337569960.9499999
09:22:53 AM,795.5,148,117734.0,337687694.9499999
09:22:54 AM,795.2,0,0.0,337687694.9499999
09:22:54 AM,795.2,133,105761.6,337793456.54999995
09:22:54 AM,795.5,0,0.0,337793456.54999995
09:22:55 AM,795.5,46,36593.0,337830049.54999995
09:22:55 AM,795.55,0,0.0,337830049.54999995
09:22:56 AM,795.2,0,0.0,337830049.54999995
09:22:56 AM,795.2,271,215499.2,338045548.74999994
09:22:56 AM,795.5,80,63640.0,338109188.74999994
09:22:57 AM,795.2,125,99400.0,338208588.74999994
09:22:58 AM,795.5,0,0.0,338208588.74999994
09:22:58 AM,795.45,113,89885.85,338298474.59999996
09:22:59 AM,795.5,0,0.0,338298474.59999996
09:22:59 AM,795.5,80,63640.0,338362114.59999996
09:22:59 AM,795.25,0,0.0,338362114.59999996
09:22:59 AM,795.25,5,3976.25,338366090.84999996
09:23:00 AM,795.45,0,0.0,338366090.84999996
09:23:00 AM,795.45,42,33408.9,338399499.74999994
09:23:00 AM,795.15,0,0.0,338399499.74999994
09:23:00 AM,795.15,10,7951.5,338407451.24999994
09:23:01 AM,795.5,0,0.0,338407451.24999994
09:23:01 AM,795.5,71,56480.5,338463931.74999994
09:23:02 AM,795.45,93,73976.85,338537908.59999996
09:23:02 AM,795.1,123,97797.3,338635705.9
09:23:03 AM,795.5,0,0.0,338635705.9
09:23:03 AM,795.2,448,356249.60000000003,338991955.5
09:23:03 AM,795.5,0,0.0,338991955.5
09:23:03 AM,795.5,33,26251.5,339018207.0
09:23:04 AM,795.2,0,0.0,339018207.0
09:23:04 AM,795.2,22,17494.4,339035701.4
09:23:04 AM,795.45,0,0.0,339035701.4
09:23:04 AM,795.45,92,73181.40000000001,339108882.79999995
09:23:05 AM,795.2,0,0.0,339108882.79999995
09:23:05 AM,795.2,2,1590.4,339110473.1999999
09:23:05 AM,795.45,0,0.0,339110473.1999999
09:23:05 AM,795.45,15,11931.75,339122404.9499999
09:23:06 AM,795.5,37,29433.5,339151838.4499999
09:23:06 AM,795.5,1,795.5,339152633.9499999
09:23:07 AM,795.2,106,84291.20000000001,339236925.1499999
09:23:07 AM,795.5,0,0.0,339236925.1499999
09:23:07 AM,795.55,124,98648.2,339335573.3499999
09:23:08 AM,795.55,353,280829.14999999997,339616402.4999999
09:23:08 AM,795.55,100,79555.0,339695957.4999999
09:23:09 AM,795.2,0,0.0,339695957.4999999
09:23:09 AM,795.4,105,83517.0,339779474.4999999
09:23:09 AM,795.0,0,0.0,339779474.4999999
09:23:10 AM,795.05,2505,1991600.25,341771074.7499999
09:23:10 AM,795.0,583,463485.0,342234559.7499999
09:23:11 AM,795.4,597,474853.8,342709413.5499999
09:23:11 AM,795.1,0,0.0,342709413.5499999
09:23:11 AM,795.1,25,19877.5,342729291.0499999
09:23:12 AM,795.75,505,401853.75,343131144.7999999
09:23:12 AM,795.7,0,0.0,343131144.7999999
09:23:12 AM,795.7,5,3978.5,343135123.2999999
09:23:13 AM,795.55,88,70008.4,343205131.69999987
09:23:13 AM,795.5,0,0.0,343205131.69999987
09:23:13 AM,795.5,111,88300.5,343293432.19999987
09:23:14 AM,795.5,124,98642.0,343392074.19999987
09:23:14 AM,795.75,19,15119.25,343407193.44999987
09:23:15 AM,795.45,826,657041.7000000001,344064235.14999986
09:23:15 AM,795.7,0,0.0,344064235.14999986
09:23:15 AM,795.7,50,39785.0,344104020.14999986
09:23:16 AM,795.7,266,211656.2,344315676.34999985
09:23:16 AM,795.8,0,0.0,344315676.34999985
09:23:16 AM,795.8,60,47748.0,344363424.34999985
09:23:17 AM,795.8,30,23874.0,344387298.34999985
09:23:17 AM,795.75,0,0.0,344387298.34999985
09:23:17 AM,795.35,816,649005.6,345036303.94999987
09:23:18 AM,795.7,0,0.0,345036303.94999987
09:23:18 AM,795.7,400,318280.0,345354583.94999987
09:23:18 AM,795.75,50,39787.5,345394371.44999987
09:23:19 AM,795.75,126,100264.5,345494635.94999987
09:23:19 AM,795.7,0,0.0,345494635.94999987
09:23:19 AM,795.75,4,3183.0,345497818.94999987
09:23:20 AM,795.45,0,0.0,345497818.94999987
09:23:20 AM,795.45,99,78749.55,345576568.4999999
09:23:20 AM,795.7,0,0.0,345576568.4999999
09:23:20 AM,795.7,53,42172.100000000006,345618740.5999999
09:23:21 AM,795.5,0,0.0,345618740.5999999
09:23:21 AM,795.5,1090,867095.0,346485835.5999999
09:23:21 AM,795.85,2,1591.7,346487427.2999999
09:23:22 AM,795.85,160,127336.0,346614763.2999999
09:23:22 AM,795.6,2,1591.2,346616354.4999999
09:23:23 AM,795.85,0,0.0,346616354.4999999
09:23:23 AM,795.9,15,11938.5,346628292.9999999
09:23:23 AM,795.9,36,28652.399999999998,346656945.39999986
09:23:24 AM,795.65,0,0.0,346656945.39999986
09:23:24 AM,795.65,169,134464.85,346791410.2499999
09:23:24 AM,795.65,8,6365.2,346797775.44999987
09:23:25 AM,795.8,0,0.0,346797775.44999987
09:23:25 AM,795.85,0,0.0,346797775.44999987
09:23:25 AM,795.85,153,121765.05,346919540.4999999
09:23:25 AM,795.85,205,163149.25,347082689.7499999
09:23:26 AM,796.0,0,0.0,347082689.7499999
09:23:26 AM,796.0,1002,797592.0,347880281.7499999
09:23:27 AM,796.0,118,93928.0,347974209.7499999
09:23:27 AM,796.05,116,92341.79999999999,348066551.5499999
09:23:28 AM,796.1,0,0.0,348066551.5499999
09:23:28 AM,796.1,60,47766.0,348114317.5499999
09:23:28 AM,796.1,50,39805.0,348154122.5499999
09:23:29 AM,796.2,0,0.0,348154122.5499999
09:23:29 AM,795.75,1100,875325.0,349029447.5499999
09:23:29 AM,796.05,120,95526.0,349124973.5499999
09:23:30 AM,796.05,27,21493.35,349146466.8999999
09:23:30 AM,796.05,17,13532.849999999999,349159999.74999994
09:23:31 AM,796.05,1,796.05,349160795.79999995
09:23:31 AM,796.15,178,141714.69999999998,349302510.49999994
09:23:32 AM,796.2,0,0.0,349302510.49999994
09:23:32 AM,796.3,517,411687.1,349714197.59999996
09:23:32 AM,796.3,50,39815.0,349754012.59999996
09:23:33 AM,795.95,0,0.0,349754012.59999996
09:23:33 AM,796.2,0,0.0,349754012.59999996
09:23:33 AM,796.2,366,291409.2,350045421.79999995
09:23:33 AM,795.8,384,305587.19999999995,350351008.99999994
09:23:34 AM,796.1,0,0.0,350351008.99999994
09:23:34 AM,795.75,1358,1080628.5,351431637.49999994
09:23:34 AM,796.1,150,119415.0,351551052.49999994
09:23:35 AM,796.05,0,0.0,351551052.49999994
09:23:35 AM,796.05,465,370163.25,351921215.74999994
09:23:35 AM,796.15,278,221329.69999999998,352142545.4499999
09:23:36 AM,795.75,0,0.0,352142545.4499999
09:23:36 AM,796.05,1732,1378758.5999999999,353521304.04999995
09:23:36 AM,795.7,2876,2288433.2,355809737.24999994
09:23:37 AM,796.15,0,0.0,355809737.24999994
09:23:37 AM,796.15,7,5573.05,355815310.29999995
09:23:37 AM,795.95,1706,1357890.7000000002,357173200.99999994
09:23:38 AM,796.1,0,0.0,357173200.99999994
09:23:38 AM,796.05,0,0.0,357173200.99999994
09:23:38 AM,796.15,1575,1253936.25,358427137.24999994
09:23:38 AM,795.8,23,18303.399999999998,358445440.6499999
09:23:39 AM,795.75,0,0.0,358445440.6499999
09:23:39 AM,796.1,0,0.0,358445440.6499999
09:23:39 AM,796.1,1391,1107375.1,359552815.74999994
09:23:39 AM,795.85,179,142457.15,359695272.8999999
09:23:40 AM,796.2,0,0.0,359695272.8999999
09:23:40 AM,796.0,0,0.0,359695272.8999999
09:23:40 AM,796.0,222,176712.0,359871984.8999999
09:23:40 AM,796.0,15,11940.0,359883924.8999999
09:23:41 AM,796.2,0,0.0,359883924.8999999
09:23:41 AM,796.2,136,108283.20000000001,359992208.0999999
09:23:41 AM,796.25,88,70070.0,360062278.0999999
09:23:42 AM,796.35,422,336059.7,360398337.7999999
09:23:42 AM,796.1,138,109861.8,360508199.5999999
09:23:43 AM,796.2,0,0.0,360508199.5999999
09:23:43 AM,796.2,1,796.2,360508995.7999999
09:23:43 AM,796.5,20,15930.0,360524925.7999999
09:23:44 AM,796.5,1270,1011555.0,361536480.7999999
09:23:45 AM,796.5,665,529672.5,362066153.2999999
09:23:45 AM,796.85,0,0.0,362066153.2999999
09:23:45 AM,796.5,1770,1409805.0,363475958.2999999
09:23:46 AM,796.65,0,0.0,363475958.2999999
09:23:46 AM,796.65,51,40629.15,363516587.44999987
09:23:46 AM,796.5,0,0.0,363516587.44999987
09:23:46 AM,796.85,1460,1163401.0,364679988.44999987
09:23:47 AM,796.7,237,188817.90000000002,364868806.34999985
09:23:48 AM,796.4,0,0.0,364868806.34999985
09:23:48 AM,796.4,76,60526.4,364929332.7499998
09:23:48 AM,796.3,0,0.0,364929332.7499998
09:23:48 AM,796.3,51,40611.299999999996,364969944.04999983
09:23:49 AM,796.35,138,109896.3,365079840.34999985
09:23:50 AM,796.25,0,0.0,365079840.34999985
09:23:50 AM,796.35,911,725474.85,365805315.19999987
09:23:50 AM,796.6,70,55762.0,365861077.19999987
09:23:51 AM,796.3,0,0.0,365861077.19999987
09:23:51 AM,796.2,0,0.0,365861077.19999987
09:23:51 AM,796.2,709,564505.8,366425582.9999999
09:23:51 AM,796.5,708,563922.0,366989504.9999999
09:23:52 AM,796.2,0,0.0,366989504.9999999
09:23:52 AM,796.35,67,53355.450000000004,367042860.44999987
09:23:52 AM,796.6,1160,924056.0,367966916.44999987
09:23:53 AM,796.45,457,363977.65,368330894.09999985
09:23:53 AM,796.85,0,0.0,368330894.09999985
09:23:53 AM,796.5,347,276385.5,368607279.59999985
09:23:54 AM,796.8,0,0.0,368607279.59999985
09:23:54 AM,796.45,0,0.0,368607279.59999985
09:23:54 AM,796.5,93,74074.5,368681354.09999985
09:23:55 AM,796.4,0,0.0,368681354.09999985
09:23:55 AM,796.4,1310,1043284.0,369724638.09999985
09:23:55 AM,796.4,20,15928.0,369740566.09999985
09:23:55 AM,796.75,119,94813.25,369835379.34999985
09:23:56 AM,796.6,0,0.0,369835379.34999985
09:23:56 AM,796.6,93,74083.8,369909463.14999986
09:23:56 AM,796.5,0,0.0,369909463.14999986
09:23:56 AM,796.75,85,67723.75,369977186.89999986
09:23:57 AM,796.85,0,0.0,369977186.89999986
09:23:57 AM,796.85,471,375316.35000000003,370352503.2499999
09:23:57 AM,796.4,0,0.0,370352503.2499999
09:23:57 AM,796.5,186,148149.0,370500652.2499999
09:23:58 AM,796.3,0,0.0,370500652.2499999
09:23:58 AM,796.2,475,378195.0,370878847.2499999
09:23:58 AM,796.15,144,114645.59999999999,370993492.8499999
09:23:59 AM,796.15,1063,846307.45,371839800.2999999
09:23:59 AM,796.15,130,103499.5,371943299.7999999
09:24:00 AM,796.3,0,0.0,371943299.7999999
09:24:00 AM,796.25,140,111475.0,372054774.7999999
09:24:00 AM,796.2,240,191088.0,372245862.7999999
09:24:01 AM,796.35,0,0.0,372245862.7999999
09:24:01 AM,796.45,399,317783.55000000005,372563646.3499999
09:24:01 AM,796.25,2508,1996995.0,374560641.3499999
09:24:02 AM,796.2,0,0.0,374560641.3499999
09:24:02 AM,796.5,170,135405.0,374696046.3499999
09:24:02 AM,796.15,0,0.0,374696046.3499999
09:24:02 AM,796.1,155,123395.5,374819441.8499999
09:24:03 AM,796.35,0,0.0,374819441.8499999
09:24:03 AM,796.35,303,241294.05000000002,375060735.8999999
09:24:03 AM,796.3,0,0.0,375060735.8999999
09:24:03 AM,796.3,22,17518.6,375078254.49999994
09:24:04 AM,796.05,0,0.0,375078254.49999994
09:24:04 AM,796.05,423,336729.14999999997,375414983.6499999
09:24:04 AM,796.0,3845,3060620.0,378475603.6499999
09:24:05 AM,796.15,0,0.0,378475603.6499999
09:24:05 AM,796.15,274,218145.1,378693748.74999994
09:24:05 AM,796.05,2672,2127045.6,380820794.34999996
09:24:06 AM,796.0,0,0.0,380820794.34999996
09:24:06 AM,796.0,655,521380.0,381342174.34999996
09:24:06 AM,796.0,25,19900.0,381362074.34999996
09:24:07 AM,795.75,142,112996.5,381475070.84999996
09:24:07 AM,796.05,0,0.0,381475070.84999996
09:24:07 AM,796.05,149,118611.45,381593682.29999995
09:24:08 AM,795.75,143,113792.25,381707474.54999995
09:24:08 AM,796.0,16,12736.0,381720210.54999995
09:24:09 AM,796.05,0,0.0,381720210.54999995
09:24:09 AM,796.05,19,15124.949999999999,381735335.49999994
09:24:10 AM,795.65,0,0.0,381735335.49999994
09:24:10 AM,796.0,268,213328.0,381948663.49999994
09:24:10 AM,796.0,20,15920.0,381964583.49999994
09:24:12 AM,796.0,40,31840.0,381996423.49999994
09:24:13 AM,796.0,146,116216.0,382112639.49999994
09:24:14 AM,795.8,0,0.0,382112639.49999994
09:24:14 AM,796.05,546,434643.3,382547282.79999995
09:24:14 AM,796.2,2,1592.4,382548875.1999999
09:24:15 AM,796.2,14,11146.800000000001,382560021.99999994
09:24:15 AM,796.2,136,108283.20000000001,382668305.1999999
09:24:16 AM,796.2,110,87582.0,382755887.1999999
09:24:17 AM,796.2,501,398896.2,383154783.3999999
09:24:18 AM,796.0,0,0.0,383154783.3999999
09:24:18 AM,795.85,2903,2310352.5500000003,385465135.9499999
09:24:18 AM,795.6,767,610225.2000000001,386075361.1499999
09:24:19 AM,795.95,0,0.0,386075361.1499999
09:24:19 AM,795.95,21,16714.95,386092076.0999999
09:24:19 AM,795.9,65,51733.5,386143809.5999999
09:24:20 AM,795.95,0,0.0,386143809.5999999
09:24:20 AM,795.95,131,104269.45000000001,386248079.0499999
09:24:21 AM,796.0,0,0.0,386248079.0499999
09:24:21 AM,796.0,90,71640.0,386319719.0499999
09:24:22 AM,796.15,53,42195.95,386361914.9999999
09:24:23 AM,796.1,0,0.0,386361914.9999999
09:24:23 AM,796.2,0,0.0,386361914.9999999
09:24:23 AM,796.2,181,144112.2,386506027.19999987
09:24:23 AM,796.0,10,7960.0,386513987.19999987
09:24:24 AM,795.95,0,0.0,386513987.19999987
09:24:24 AM,796.1,0,0.0,386513987.19999987
09:24:24 AM,796.15,174,138530.1,386652517.2999999
09:24:26 AM,796.0,0,0.0,386652517.2999999
09:24:26 AM,796.2,0,0.0,386652517.2999999
09:24:26 AM,796.2,266,211789.2,386864306.4999999
09:24:27 AM,795.9,0,0.0,386864306.4999999
09:24:27 AM,795.9,347,276177.3,387140483.7999999
09:24:27 AM,796.05,80,63684.0,387204167.7999999
09:24:28 AM,796.0,0,0.0,387204167.7999999
09:24:28 AM,796.0,342,272232.0,387476399.7999999
09:24:28 AM,796.0,10,7960.0,387484359.7999999
09:24:29 AM,796.15,0,0.0,387484359.7999999
09:24:29 AM,796.2,0,0.0,387484359.7999999
09:24:29 AM,796.2,129,102709.8,387587069.5999999
09:24:30 AM,796.1,0,0.0,387587069.5999999
09:24:30 AM,796.1,15,11941.5,387599011.0999999
09:24:30 AM,796.0,42,33432.0,387632443.0999999
09:24:31 AM,796.15,0,0.0,387632443.0999999
09:24:31 AM,795.8,0,0.0,387632443.0999999
09:24:31 AM,795.8,165,131307.0,387763750.0999999
09:24:31 AM,796.15,106,84391.9,387848141.9999999
09:24:32 AM,795.8,0,0.0,387848141.9999999
09:24:32 AM,796.15,0,0.0,387848141.9999999
09:24:32 AM,795.8,96,76396.79999999999,387924538.7999999
09:24:33 AM,796.15,0,0.0,387924538.7999999
09:24:33 AM,796.15,103,82003.45,388006542.2499999
09:24:34 AM,795.8,0,0.0,388006542.2499999
09:24:34 AM,795.9,0,0.0,388006542.2499999
09:24:34 AM,795.9,166,132119.4,388138661.64999986
09:24:35 AM,796.0,0,0.0,388138661.64999986
09:24:35 AM,796.0,130,103480.0,388242141.64999986
09:24:35 AM,796.05,11,8756.55,388250898.19999987
09:24:36 AM,795.75,0,0.0,388250898.19999987
09:24:36 AM,796.05,0,0.0,388250898.19999987
09:24:36 AM,796.05,3,2388.1499999999996,388253286.34999985
09:24:37 AM,795.75,0,0.0,388253286.34999985
09:24:37 AM,795.75,144,114588.0,388367874.34999985
09:24:38 AM,796.05,0,0.0,388367874.34999985
09:24:38 AM,796.05,128,101894.4,388469768.7499998
09:24:38 AM,795.65,421,334968.64999999997,388804737.3999998
09:24:39 AM,796.0,0,0.0,388804737.3999998
09:24:39 AM,795.95,0,0.0,388804737.3999998
09:24:39 AM,795.65,85,67630.25,388872367.6499998
09:24:39 AM,795.6,20,15912.0,388888279.6499998
09:24:40 AM,795.5,0,0.0,388888279.6499998
09:24:40 AM,795.5,724,575942.0,389464221.6499998
09:24:40 AM,795.5,4,3182.0,389467403.6499998
09:24:41 AM,795.8,0,0.0,389467403.6499998
09:24:41 AM,795.85,0,0.0,389467403.6499998
09:24:41 AM,795.8,427,339806.6,389807210.2499998
09:24:41 AM,795.75,12,9549.0,389816759.2499998
09:24:42 AM,795.55,225,178998.75,389995757.9999998
09:24:42 AM,795.5,11,8750.5,390004508.4999998
09:24:43 AM,795.75,0,0.0,390004508.4999998
09:24:43 AM,795.75,16,12732.0,390017240.4999998
09:24:43 AM,795.85,208,165536.80000000002,390182777.29999983
09:24:44 AM,795.8,0,0.0,390182777.29999983
09:24:44 AM,795.8,14,11141.199999999999,390193918.4999998
09:24:45 AM,795.7,1445,1149786.5,391343704.9999998
09:24:46 AM,795.65,267,212438.55,391556143.54999983
09:24:47 AM,795.5,0,0.0,391556143.54999983
09:24:47 AM,795.5,28,22274.0,391578417.54999983
09:24:48 AM,795.8,0,0.0,391578417.54999983
09:24:48 AM,795.8,3,2387.3999999999996,391580804.9499998
09:24:49 AM,795.85,41,32629.850000000002,391613434.79999983
09:24:49 AM,795.85,78,62076.3,391675511.09999985
09:24:50 AM,796.0,0,0.0,391675511.09999985
09:24:50 AM,796.0,545,433820.0,392109331.09999985
09:24:51 AM,795.95,7,5571.650000000001,392114902.7499998
09:24:52 AM,795.65,0,0.0,392114902.7499998
09:24:53 AM,795.8,76,60480.799999999996,392175383.54999983
09:24:54 AM,795.85,193,153599.05000000002,392328982.59999985
09:24:55 AM,795.75,146,116179.5,392445162.09999985
09:24:56 AM,795.75,1,795.75,392445957.84999985
09:24:57 AM,795.75,40,31830.0,392477787.84999985
09:24:57 AM,795.55,0,0.0,392477787.84999985
09:24:57 AM,795.8,0,0.0,392477787.84999985
09:24:58 AM,795.85,287,228408.95,392706196.79999983
09:24:59 AM,795.95,73,58104.350000000006,392764301.14999986
09:24:59 AM,795.75,0,0.0,392764301.14999986
09:25:00 AM,795.95,101,80390.95000000001,392844692.09999985
09:25:00 AM,795.75,0,0.0,392844692.09999985
09:25:01 AM,795.9,135,107446.5,392952138.59999985
09:25:01 AM,795.95,0,0.0,392952138.59999985
09:25:01 AM,795.95,5,3979.75,392956118.34999985
09:25:02 AM,795.75,102,81166.5,393037284.84999985
09:25:02 AM,795.9,0,0.0,393037284.84999985
09:25:03 AM,795.9,113,89936.7,393127221.54999983
09:25:03 AM,795.85,4,3183.4,393130404.9499998
09:25:03 AM,795.7,0,0.0,393130404.9499998
09:25:04 AM,795.75,776,617502.0,393747906.9499998
09:25:04 AM,795.75,190,151192.5,393899099.4499998
09:25:05 AM,795.7,51,40580.700000000004,393939680.1499998
09:25:05 AM,795.7,315,250645.5,394190325.6499998
09:25:06 AM,795.55,0,0.0,394190325.6499998
09:25:06 AM,795.55,65,51710.75,394242036.3999998
09:25:07 AM,795.7,13,10344.1,394252380.4999998
09:25:08 AM,795.75,109,86736.75,394339117.2499998
09:25:08 AM,795.55,0,0.0,394339117.2499998
09:25:08 AM,795.55,462,367544.1,394706661.34999985
09:25:09 AM,795.4,750,596550.0,395303211.34999985
09:25:09 AM,795.35,0,0.0,395303211.34999985
09:25:09 AM,795.35,140,111349.0,395414560.34999985
09:25:10 AM,795.35,730,580605.5,395995165.84999985
09:25:10 AM,795.6,0,0.0,395995165.84999985
09:25:10 AM,795.4,407,323727.8,396318893.64999986
09:25:11 AM,795.7,10,7957.0,396326850.64999986
09:25:11 AM,795.5,19,15114.5,396341965.14999986
09:25:12 AM,795.55,34,27048.699999999997,396369013.84999985
09:25:12 AM,795.35,0,0.0,396369013.84999985
09:25:12 AM,795.5,60,47730.0,396416743.84999985
09:25:13 AM,795.6,148,117748.8,396534492.64999986
09:25:14 AM,795.6,31,24663.600000000002,396559156.2499999
09:25:14 AM,795.5,0,0.0,396559156.2499999
09:25:15 AM,795.5,882,701631.0,397260787.2499999
09:25:16 AM,795.65,0,0.0,397260787.2499999
09:25:16 AM,795.65,35,27847.75,397288634.9999999
09:25:16 AM,795.6,0,0.0,397288634.9999999
09:25:17 AM,795.7,0,0.0,397288634.9999999
09:25:17 AM,795.8,175,139265.0,397427899.9999999
09:25:18 AM,795.55,0,0.0,397427899.9999999
09:25:18 AM,795.55,98,77963.9,397505863.89999986
09:25:19 AM,795.8,0,0.0,397505863.89999986
09:25:19 AM,795.55,254,202069.69999999998,397707933.59999985
09:25:20 AM,795.8,0,0.0,397707933.59999985
09:25:20 AM,795.8,304,241923.19999999998,397949856.79999983
09:25:21 AM,795.7,0,0.0,397949856.79999983
09:25:21 AM,795.7,484,385118.80000000005,398334975.59999985
09:25:21 AM,795.45,0,0.0,398334975.59999985
09:25:22 AM,795.9,0,0.0,398334975.59999985
09:25:22 AM,795.9,2801,2229315.9,400564291.4999998
09:25:23 AM,796.0,0,0.0,400564291.4999998
09:25:23 AM,796.0,521,414716.0,400979007.4999998
09:25:24 AM,796.0,139,110644.0,401089651.4999998
09:25:25 AM,795.8,0,0.0,401089651.4999998
09:25:25 AM,796.0,575,457700.0,401547351.4999998
09:25:26 AM,795.8,0,0.0,401547351.4999998
09:25:26 AM,795.8,60,47748.0,401595099.4999998
09:25:26 AM,795.95,0,0.0,401595099.4999998
09:25:27 AM,795.95,3,2387.8500000000004,401597487.34999985
09:25:27 AM,795.8,0,0.0,401597487.34999985
09:25:27 AM,795.8,29,23078.199999999997,401620565.54999983
09:25:28 AM,796.0,0,0.0,401620565.54999983
09:25:28 AM,795.8,0,0.0,401620565.54999983
09:25:28 AM,795.8,46,36606.799999999996,401657172.34999985
09:25:29 AM,796.0,0,0.0,401657172.34999985
09:25:29 AM,796.0,400,318400.0,401975572.34999985
09:25:30 AM,795.35,0,0.0,401975572.34999985
09:25:30 AM,795.5,0,0.0,401975572.34999985
09:25:30 AM,795.5,1513,1203591.5,403179163.84999985
09:25:30 AM,795.35,1,795.35,403179959.19999987
09:25:31 AM,795.6,0,0.0,403179959.19999987
09:25:31 AM,795.6,85,67626.0,403247585.19999987
09:25:31 AM,795.65,1,795.65,403248380.84999985
09:25:32 AM,795.5,0,0.0,403248380.84999985
09:25:32 AM,795.5,84,66822.0,403315202.84999985
09:25:33 AM,795.3,0,0.0,403315202.84999985
09:25:33 AM,795.65,0,0.0,403315202.84999985
09:25:33 AM,795.65,2905,2311363.25,405626566.09999985
09:25:34 AM,795.6,23,18298.8,405644864.89999986
09:25:35 AM,795.4,0,0.0,405644864.89999986
09:25:35 AM,795.25,576,458064.0,406102928.89999986
09:25:35 AM,795.2,7,5566.400000000001,406108495.29999983
09:25:36 AM,795.35,0,0.0,406108495.29999983
09:25:36 AM,795.35,501,398470.35000000003,406506965.64999986
09:25:36 AM,795.4,27,21475.8,406528441.44999987
09:25:37 AM,795.15,0,0.0,406528441.44999987
09:25:37 AM,795.3,0,0.0,406528441.44999987
09:25:37 AM,795.3,753,598860.9,407127302.34999985
09:25:37 AM,795.15,2593,2061823.95,409189126.29999983
09:25:38 AM,795.3,0,0.0,409189126.29999983
09:25:38 AM,795.05,10038,7980711.899999999,417169838.1999998
09:25:39 AM,795.0,0,0.0,417169838.1999998
09:25:39 AM,795.0,8,6360.0,417176198.1999998
09:25:40 AM,795.05,13,10335.65,417186533.8499998
09:25:41 AM,795.25,0,0.0,417186533.8499998
09:25:41 AM,795.3,86,68395.8,417254929.6499998
09:25:41 AM,795.05,204,162190.19999999998,417417119.8499998
09:25:43 AM,795.3,8,6362.4,417423482.24999976
09:25:43 AM,795.1,0,0.0,417423482.24999976
09:25:43 AM,795.1,1,795.1,417424277.3499998
09:25:44 AM,795.3,22,17496.6,417441773.9499998
09:25:44 AM,795.3,5,3976.5,417445750.4499998
09:25:45 AM,795.25,340,270385.0,417716135.4499998
09:25:45 AM,795.0,0,0.0,417716135.4499998
09:25:45 AM,795.05,9955,7914722.75,425630858.1999998
09:25:46 AM,794.7,2495,1982776.5,427613634.6999998
09:25:47 AM,794.95,148,117652.6,427731287.29999983
09:25:47 AM,794.9,5,3974.5,427735261.79999983
09:25:48 AM,794.9,43,34180.7,427769442.4999998
09:25:48 AM,794.9,14,11128.6,427780571.09999985
09:25:49 AM,794.9,25,19872.5,427800443.59999985
09:25:49 AM,795.0,127,100965.0,427901408.59999985
09:25:50 AM,795.0,78,62010.0,427963418.59999985
09:25:50 AM,794.75,1,794.75,427964213.34999985
09:25:51 AM,795.0,5,3975.0,427968188.34999985
09:25:51 AM,794.9,0,0.0,427968188.34999985
09:25:51 AM,795.0,117,93015.0,428061203.34999985
09:25:52 AM,794.8,0,0.0,428061203.34999985
09:25:52 AM,794.8,50,39740.0,428100943.34999985
09:25:52 AM,795.0,0,0.0,428100943.34999985
09:25:53 AM,794.85,33,26230.05,428127173.39999986
09:25:53 AM,795.0,0,0.0,428127173.39999986
09:25:53 AM,795.0,138,109710.0,428236883.39999986
09:25:54 AM,795.0,51,40545.0,428277428.39999986
09:25:54 AM,794.95,0,0.0,428277428.39999986
09:25:54 AM,794.95,10,7949.5,428285377.89999986
09:25:55 AM,794.8,100,79480.0,428364857.89999986
09:25:55 AM,794.8,107,85043.59999999999,428449901.4999999
09:25:56 AM,795.0,1,795.0,428450696.4999999
09:25:56 AM,795.0,55,43725.0,428494421.4999999
09:25:57 AM,795.0,9,7155.0,428501576.4999999
09:25:57 AM,794.8,0,0.0,428501576.4999999
09:25:57 AM,795.0,68,54060.0,428555636.4999999
09:25:58 AM,795.0,5,3975.0,428559611.4999999
09:25:59 AM,795.0,65,51675.0,428611286.4999999
09:25:59 AM,794.8,0,0.0,428611286.4999999
09:25:59 AM,794.8,226,179624.8,428790911.2999999
09:26:00 AM,795.0,0,0.0,428790911.2999999
09:26:00 AM,795.05,932,740986.6,429531897.8999999
09:26:01 AM,795.4,32,25452.8,429557350.6999999
09:26:01 AM,795.35,0,0.0,429557350.6999999
09:26:01 AM,795.05,162,128798.09999999999,429686148.79999995
09:26:02 AM,795.4,100,79540.0,429765688.79999995
09:26:02 AM,794.9,0,0.0,429765688.79999995
09:26:02 AM,794.9,196,155800.4,429921489.1999999
09:26:03 AM,794.85,116,92202.6,430013691.79999995
09:26:03 AM,795.05,36,28621.8,430042313.59999996
09:26:04 AM,795.05,5,3975.25,430046288.84999996
09:26:04 AM,794.8,195,154986.0,430201274.84999996
09:26:05 AM,795.05,0,0.0,430201274.84999996
09:26:05 AM,795.05,17,13515.849999999999,430214790.7
09:26:05 AM,794.9,158,125594.2,430340384.9
09:26:06 AM,794.9,65,51668.5,430392053.4
09:26:06 AM,795.0,53,42135.0,430434188.4
09:26:07 AM,794.9,53,42129.7,430476318.09999996
09:26:07 AM,794.85,0,0.0,430476318.09999996
09:26:07 AM,794.85,12,9538.2,430485856.29999995
09:26:08 AM,795.05,500,397525.0,430883381.29999995
09:26:08 AM,795.1,0,0.0,430883381.29999995
09:26:08 AM,795.1,19,15106.9,430898488.1999999
09:26:09 AM,794.85,0,0.0,430898488.1999999
09:26:09 AM,794.85,2,1589.7,430900077.8999999
09:26:10 AM,794.85,2,1589.7,430901667.5999999
09:26:10 AM,794.85,12,9538.2,430911205.7999999
09:26:11 AM,795.15,0,0.0,430911205.7999999
09:26:11 AM,795.15,10,7951.5,430919157.2999999
09:26:11 AM,794.85,603,479294.55,431398451.8499999
09:26:12 AM,794.85,6,4769.1,431403220.9499999
09:26:12 AM,795.15,0,0.0,431403220.9499999
09:26:12 AM,795.15,21,16698.149999999998,431419919.0999999
09:26:13 AM,795.1,0,0.0,431419919.0999999
09:26:13 AM,795.1,211,167766.1,431587685.1999999
09:26:14 AM,794.9,0,0.0,431587685.1999999
09:26:14 AM,795.1,21,16697.100000000002,431604382.29999995
09:26:14 AM,795.2,0,0.0,431604382.29999995
09:26:14 AM,795.2,72,57254.4,431661636.6999999
09:26:15 AM,795.2,2,1590.4,431663227.0999999
09:26:15 AM,794.9,0,0.0,431663227.0999999
09:26:15 AM,795.1,76,60427.6,431723654.6999999
09:26:16 AM,795.1,61,48501.1,431772155.79999995
09:26:16 AM,795.15,4,3180.6,431775336.4
09:26:17 AM,795.15,343,272736.45,432048072.84999996
09:26:17 AM,795.45,0,0.0,432048072.84999996
09:26:17 AM,795.5,182,144781.0,432192853.84999996
09:26:18 AM,795.65,46,36599.9,432229453.74999994
09:26:19 AM,795.75,11,8753.25,432238206.99999994
09:26:19 AM,795.7,1120,891184.0,433129390.99999994
09:26:20 AM,795.4,95,75563.0,433204953.99999994
09:26:20 AM,795.4,101,80335.4,433285289.3999999
09:26:21 AM,795.4,3,2386.2,433287675.5999999
09:26:21 AM,795.7,0,0.0,433287675.5999999
09:26:21 AM,795.7,53,42172.100000000006,433329847.6999999
09:26:22 AM,795.4,95,75563.0,433405410.6999999
09:26:22 AM,795.3,275,218707.5,433624118.1999999
09:26:23 AM,795.55,65,51710.75,433675828.9499999
09:26:24 AM,795.3,1,795.3,433676624.24999994
09:26:25 AM,795.35,36,28632.600000000002,433705256.84999996
09:26:25 AM,795.7,0,0.0,433705256.84999996
09:26:25 AM,795.8,96,76396.79999999999,433781653.65
09:26:26 AM,795.5,0,0.0,433781653.65
09:26:26 AM,795.45,201,159885.45,433941539.09999996
09:26:26 AM,795.35,500,397675.0,434339214.09999996
09:26:27 AM,795.75,6,4774.5,434343988.59999996
09:26:28 AM,795.75,1,795.75,434344784.34999996
09:26:29 AM,795.35,3,2386.05,434347170.4
09:26:29 AM,795.3,100,79530.0,434426700.4
09:26:30 AM,795.65,0,0.0,434426700.4
09:26:30 AM,795.7,116,92301.20000000001,434519001.59999996
09:26:30 AM,795.65,0,0.0,434519001.59999996
09:26:30 AM,795.7,66,52516.200000000004,434571517.79999995
09:26:31 AM,795.7,50,39785.0,434611302.79999995
09:26:31 AM,795.7,336,267355.2,434878657.99999994
09:26:32 AM,795.7,100,79570.0,434958227.99999994
09:26:32 AM,795.7,895,712151.5,435670379.49999994
09:26:33 AM,795.95,544,432996.80000000005,436103376.29999995
09:26:34 AM,795.65,0,0.0,436103376.29999995
09:26:34 AM,795.65,100,79565.0,436182941.29999995
09:26:34 AM,796.0,23,18308.0,436201249.29999995
09:26:35 AM,796.0,123,97908.0,436299157.29999995
09:26:35 AM,796.0,100,79600.0,436378757.29999995
09:26:36 AM,795.75,50,39787.5,436418544.79999995
09:26:37 AM,796.0,0,0.0,436418544.79999995
09:26:37 AM,795.7,30,23871.0,436442415.79999995
09:26:37 AM,796.0,0,0.0,436442415.79999995
09:26:37 AM,796.0,125,99500.0,436541915.79999995
09:26:38 AM,795.8,0,0.0,436541915.79999995
09:26:38 AM,795.8,50,39790.0,436581705.79999995
09:26:39 AM,796.0,20,15920.0,436597625.79999995
09:26:40 AM,795.95,0,0.0,436597625.79999995
09:26:40 AM,795.95,10,7959.5,436605585.29999995
09:26:41 AM,796.0,0,0.0,436605585.29999995
09:26:41 AM,796.0,104,82784.0,436688369.29999995
09:26:41 AM,796.0,104,82784.0,436771153.29999995
09:26:42 AM,796.05,0,0.0,436771153.29999995
09:26:42 AM,796.15,0,0.0,436771153.29999995
09:26:42 AM,796.15,4475,3562771.25,440333924.54999995
09:26:43 AM,796.15,2,1592.3,440335516.84999996
09:26:44 AM,796.2,0,0.0,440335516.84999996
09:26:45 AM,796.35,0,0.0,440335516.84999996
09:26:45 AM,796.15,1089,867007.35,441202524.2
09:26:46 AM,796.05,0,0.0,441202524.2
09:26:46 AM,796.05,506,402801.3,441605325.5
09:26:46 AM,796.5,200,159300.0,441764625.5
09:26:47 AM,796.15,82,65284.299999999996,441829909.8
09:26:48 AM,796.4,0,0.0,441829909.8
09:26:48 AM,796.4,2,1592.8,441831502.6
09:26:48 AM,796.45,100,79645.0,441911147.6
09:26:49 AM,796.5,0,0.0,441911147.6
09:26:49 AM,796.5,8,6372.0,441917519.6
09:26:50 AM,796.25,0,0.0,441917519.6
09:26:50 AM,796.25,6,4777.5,441922297.1
09:26:50 AM,796.5,0,0.0,441922297.1
09:26:50 AM,796.25,372,296205.0,442218502.1
09:26:51 AM,796.45,0,0.0,442218502.1
09:26:51 AM,796.3,27,21500.1,442240002.20000005
09:26:52 AM,796.45,0,0.0,442240002.20000005
09:26:52 AM,796.4,51,40616.4,442280618.6
09:26:52 AM,796.4,366,291482.39999999997,442572101.0
09:26:53 AM,796.4,3,2389.2,442574490.2
09:26:53 AM,796.4,53,42209.2,442616699.4
09:26:54 AM,796.2,0,0.0,442616699.4
09:26:54 AM,796.1,342,272266.2,442888965.59999996
09:26:54 AM,796.25,558,444307.5,443333273.09999996
09:26:55 AM,796.15,2,1592.3,443334865.4
09:26:55 AM,796.2,64,50956.8,443385822.2
09:26:56 AM,796.25,0,0.0,443385822.2
09:26:56 AM,796.25,1040,828100.0,444213922.2
09:26:57 AM,796.0,501,398796.0,444612718.2
09:26:57 AM,796.25,100,79625.0,444692343.2
09:26:58 AM,796.35,200,159270.0,444851613.2
09:26:58 AM,796.35,20,15927.0,444867540.2
09:26:59 AM,796.35,100,79635.0,444947175.2
09:27:00 AM,796.4,0,0.0,444947175.2
09:27:00 AM,796.4,60,47784.0,444994959.2
09:27:01 AM,796.5,0,0.0,444994959.2
09:27:01 AM,796.25,352,280280.0,445275239.2
09:27:02 AM,796.45,100,79645.0,445354884.2
09:27:02 AM,796.4,0,0.0,445354884.2
09:27:02 AM,796.4,14,11149.6,445366033.8
09:27:03 AM,796.3,1647,1311506.0999999999,446677539.90000004
09:27:03 AM,796.15,50,39807.5,446717347.40000004
09:27:04 AM,796.35,0,0.0,446717347.40000004
09:27:04 AM,796.45,0,0.0,446717347.40000004
09:27:04 AM,796.45,102,81237.90000000001,446798585.3
09:27:06 AM,796.5,2,1593.0,446800178.3
09:27:06 AM,796.1,763,607424.3,447407602.6
09:27:06 AM,796.35,0,0.0,447407602.6
09:27:07 AM,796.35,8,6370.8,447413973.40000004
09:27:08 AM,796.05,0,0.0,447413973.40000004
09:27:08 AM,796.05,42,33434.1,447447407.50000006
09:27:08 AM,796.4,0,0.0,447447407.50000006
09:27:09 AM,796.3,0,0.0,447447407.50000006
09:27:09 AM,796.3,114,90778.2,447538185.70000005
09:27:10 AM,796.0,0,0.0,447538185.70000005
09:27:10 AM,796.0,16,12736.0,447550921.70000005
09:27:11 AM,795.85,0,0.0,447550921.70000005
09:27:11 AM,795.85,758,603254.3,448154176.00000006
09:27:11 AM,796.05,0,0.0,448154176.00000006
09:27:11 AM,796.05,9,7164.45,448161340.45000005
09:27:12 AM,796.05,60,47763.0,448209103.45000005
09:27:12 AM,796.05,8,6368.4,448215471.85
09:27:13 AM,796.1,0,0.0,448215471.85
09:27:13 AM,796.0,115,91540.0,448307011.85
09:27:13 AM,796.05,69,54927.45,448361939.3
09:27:14 AM,795.85,0,0.0,448361939.3
09:27:14 AM,795.85,66,52526.1,448414465.40000004
09:27:16 AM,795.85,25,19896.25,448434361.65000004
09:27:16 AM,795.85,297,236367.45,448670729.1
09:27:17 AM,796.0,1,796.0,448671525.1
09:27:17 AM,796.0,2,1592.0,448673117.1
09:27:18 AM,796.0,17,13532.0,448686649.1
09:27:18 AM,796.0,7,5572.0,448692221.1
09:27:19 AM,796.0,7,5572.0,448697793.1
09:27:19 AM,796.0,2,1592.0,448699385.1
09:27:20 AM,796.0,3,2388.0,448701773.1
09:27:21 AM,795.85,0,0.0,448701773.1
09:27:21 AM,795.85,10,7958.5,448709731.6
09:27:21 AM,796.0,214,170344.0,448880075.6
09:27:22 AM,796.0,11,8756.0,448888831.6
09:27:23 AM,796.05,0,0.0,448888831.6
09:27:23 AM,795.85,55,43771.75,448932603.35
09:27:24 AM,795.9,0,0.0,448932603.35
09:27:24 AM,795.95,19,15123.050000000001,448947726.40000004
09:27:24 AM,795.9,0,0.0,448947726.40000004
09:27:24 AM,795.9,50,39795.0,448987521.40000004
09:27:25 AM,795.95,0,0.0,448987521.40000004
09:27:25 AM,795.95,174,138495.30000000002,449126016.70000005
09:27:26 AM,795.95,104,82778.8,449208795.50000006
09:27:27 AM,796.1,0,0.0,449208795.50000006
09:27:27 AM,796.1,15,11941.5,449220737.00000006
09:27:27 AM,796.15,26,20699.899999999998,449241436.90000004
09:27:28 AM,796.0,10,7960.0,449249396.90000004
09:27:28 AM,795.85,0,0.0,449249396.90000004
09:27:28 AM,796.0,10,7960.0,449257356.90000004
09:27:29 AM,796.15,44,35030.6,449292387.50000006
09:27:29 AM,796.15,4,3184.6,449295572.1000001
09:27:30 AM,796.15,3,2388.45,449297960.5500001
09:27:30 AM,796.3,219,174389.69999999998,449472350.25000006
09:27:31 AM,796.3,3,2388.8999999999996,449474739.15000004
09:27:31 AM,796.3,2,1592.6,449476331.75000006
09:27:32 AM,796.25,0,0.0,449476331.75000006
09:27:32 AM,796.25,506,402902.5,449879234.25000006
09:27:32 AM,796.0,0,0.0,449879234.25000006
09:27:32 AM,796.0,8,6368.0,449885602.25000006
09:27:33 AM,795.75,0,0.0,449885602.25000006
09:27:33 AM,795.75,1092,868959.0,450754561.25000006
09:27:33 AM,796.05,301,239611.05,450994172.3000001
09:27:35 AM,796.0,0,0.0,450994172.3000001
09:27:35 AM,796.0,1,796.0,450994968.3000001
09:27:35 AM,795.85,100,79585.0,451074553.3000001
09:27:36 AM,796.2,0,0.0,451074553.3000001
09:27:36 AM,796.2,36,28663.2,451103216.50000006
09:27:36 AM,796.0,0,0.0,451103216.50000006
09:27:36 AM,796.0,50,39800.0,451143016.50000006
09:27:37 AM,796.2,0,0.0,451143016.50000006
09:27:37 AM,796.2,52,41402.4,451184418.90000004
09:27:38 AM,796.25,0,0.0,451184418.90000004
09:27:38 AM,796.3,78,62111.399999999994,451246530.3
09:27:39 AM,796.45,0,0.0,451246530.3
09:27:39 AM,796.4,65,51766.0,451298296.3
09:27:39 AM,796.15,30,23884.5,451322180.8
09:27:40 AM,796.2,0,0.0,451322180.8
09:27:40 AM,796.45,4,3185.8,451325366.6
09:27:41 AM,796.45,23,18318.350000000002,451343684.95000005
09:27:41 AM,796.5,0,0.0,451343684.95000005
09:27:41 AM,796.3,1069,851244.7,452194929.65000004
09:27:42 AM,796.35,20,15927.0,452210856.65000004
09:27:42 AM,796.35,1,796.35,452211653.00000006
09:27:43 AM,796.55,50,39827.5,452251480.50000006
09:27:43 AM,796.45,513,408578.85000000003,452660059.3500001
09:27:44 AM,796.5,0,0.0,452660059.3500001
09:27:44 AM,796.6,0,0.0,452660059.3500001
09:27:44 AM,796.6,83,66117.8,452726177.1500001
09:27:45 AM,796.7,0,0.0,452726177.1500001
09:27:45 AM,796.7,11,8763.7,452734940.8500001
09:27:46 AM,796.5,100,79650.0,452814590.8500001
09:27:47 AM,796.75,0,0.0,452814590.8500001
09:27:47 AM,796.55,0,0.0,452814590.8500001
09:27:47 AM,796.55,14,11151.699999999999,452825742.5500001
09:27:48 AM,796.8,0,0.0,452825742.5500001
09:27:48 AM,796.55,0,0.0,452825742.5500001
09:27:48 AM,796.65,212,168889.8,452994632.3500001
09:27:49 AM,796.65,20,15933.0,453010565.3500001
09:27:49 AM,796.3,0,0.0,453010565.3500001
09:27:49 AM,796.65,0,0.0,453010565.3500001
09:27:49 AM,796.55,189,150547.94999999998,453161113.3000001
09:27:50 AM,796.65,109,86834.84999999999,453247948.1500001
09:27:51 AM,796.6,0,0.0,453247948.1500001
09:27:52 AM,796.45,69,54955.05,453302903.2000001
09:27:52 AM,796.6,0,0.0,453302903.2000001
09:27:52 AM,796.7,0,0.0,453302903.2000001
09:27:53 AM,796.7,86,68516.2,453371419.4000001
09:27:53 AM,796.45,0,0.0,453371419.4000001
09:27:53 AM,796.65,0,0.0,453371419.4000001
09:27:54 AM,796.65,23,18322.95,453389742.3500001
09:27:54 AM,796.75,0,0.0,453389742.3500001
09:27:55 AM,796.75,100,79675.0,453469417.3500001
09:27:55 AM,796.55,0,0.0,453469417.3500001
09:27:56 AM,796.7,48,38241.600000000006,453507658.9500001
09:27:56 AM,796.35,0,0.0,453507658.9500001
09:27:57 AM,796.35,76,60522.6,453568181.55000013
09:27:57 AM,796.7,25,19917.5,453588099.05000013
09:27:58 AM,796.7,1105,880353.5,454468452.55000013
09:27:58 AM,796.4,0,0.0,454468452.55000013
09:27:58 AM,796.7,62,49395.4,454517847.9500001
09:27:59 AM,796.65,109,86834.84999999999,454604682.80000013
09:28:00 AM,796.65,10,7966.5,454612649.30000013
09:28:00 AM,796.7,0,0.0,454612649.30000013
09:28:00 AM,796.7,62,49395.4,454662044.7000001
09:28:01 AM,796.7,35,27884.5,454689929.2000001
09:28:02 AM,796.5,0,0.0,454689929.2000001
09:28:02 AM,796.25,1770,1409362.5,456099291.7000001
09:28:02 AM,796.45,0,0.0,456099291.7000001
09:28:02 AM,796.45,3,2389.3500000000004,456101681.05000013
09:28:03 AM,796.35,0,0.0,456101681.05000013
09:28:03 AM,796.35,103,82024.05,456183705.10000014
09:28:04 AM,796.45,0,0.0,456183705.10000014
09:28:04 AM,796.45,60,47787.0,456231492.10000014
09:28:05 AM,796.35,0,0.0,456231492.10000014
09:28:05 AM,796.35,338,269166.3,456500658.40000015
09:28:05 AM,796.35,10,7963.5,456508621.90000015
09:28:06 AM,796.4,0,0.0,456508621.90000015
09:28:06 AM,796.4,84,66897.59999999999,456575519.5000002
09:28:07 AM,796.15,4,3184.6,456578704.1000002
09:28:08 AM,796.5,0,0.0,456578704.1000002
09:28:08 AM,796.5,4,3186.0,456581890.1000002
09:28:09 AM,796.45,0,0.0,456581890.1000002
09:28:09 AM,796.45,3,2389.3500000000004,456584279.4500002
09:28:10 AM,796.3,0,0.0,456584279.4500002
09:28:10 AM,796.3,2,1592.6,456585872.05000025
09:28:11 AM,796.3,18,14333.4,456600205.4500002
09:28:11 AM,796.5,0,0.0,456600205.4500002
09:28:11 AM,796.5,382,304263.0,456904468.4500002
09:28:11 AM,796.65,2500,1991625.0,458896093.4500002
09:28:12 AM,796.25,0,0.0,458896093.4500002
09:28:12 AM,796.25,200,159250.0,459055343.4500002
09:28:13 AM,796.3,0,0.0,459055343.4500002
09:28:13 AM,796.3,10,7963.0,459063306.4500002
09:28:14 AM,796.65,0,0.0,459063306.4500002
09:28:14 AM,796.65,15,11949.75,459075256.2000002
09:28:14 AM,796.7,11,8763.7,459084019.9000002
09:28:15 AM,796.4,0,0.0,459084019.9000002
09:28:15 AM,796.65,370,294760.5,459378780.4000002
09:28:17 AM,796.5,0,0.0,459378780.4000002
09:28:17 AM,796.5,83,66109.5,459444889.9000002
09:28:18 AM,796.5,119,94783.5,459539673.4000002
09:28:19 AM,796.55,0,0.0,459539673.4000002
09:28:19 AM,796.55,206,164089.3,459703762.7000002
09:28:20 AM,796.25,9,7166.25,459710928.9500002
09:28:20 AM,796.15,0,0.0,459710928.9500002
09:28:20 AM,796.3,971,773207.2999999999,460484136.25000024
09:28:21 AM,796.0,6,4776.0,460488912.25000024
09:28:22 AM,796.0,5,3980.0,460492892.25000024
09:28:22 AM,796.0,80,63680.0,460556572.25000024
09:28:23 AM,796.25,10,7962.5,460564534.75000024
09:28:23 AM,796.2,0,0.0,460564534.75000024
09:28:23 AM,796.2,9,7165.8,460571700.55000025
09:28:24 AM,796.2,50,39810.0,460611510.55000025
09:28:25 AM,796.35,0,0.0,460611510.55000025
09:28:25 AM,796.35,89,70875.15000000001,460682385.7000002
09:28:26 AM,796.2,31,24682.2,460707067.9000002
09:28:26 AM,796.5,2,1593.0,460708660.9000002
09:28:27 AM,796.55,98,78061.9,460786722.8000002
09:28:29 AM,796.25,16,12740.0,460799462.8000002
09:28:29 AM,796.55,0,0.0,460799462.8000002
09:28:29 AM,796.55,2,1593.1,460801055.9000002
09:28:30 AM,796.55,14,11151.699999999999,460812207.6000002
09:28:30 AM,796.55,54,43013.7,460855221.3000002
09:28:31 AM,796.55,248,197544.4,461052765.70000017
09:28:31 AM,796.5,0,0.0,461052765.70000017
09:28:31 AM,796.5,11,8761.5,461061527.20000017
09:28:32 AM,796.35,1,796.35,461062323.5500002
09:28:32 AM,796.5,0,0.0,461062323.5500002
09:28:32 AM,796.5,9,7168.5,461069492.0500002
09:28:33 AM,796.35,3,2389.05,461071881.1000002
09:28:33 AM,796.3,0,0.0,461071881.1000002
09:28:33 AM,796.3,8,6370.4,461078251.5000002
09:28:34 AM,796.5,1,796.5,461079048.0000002
09:28:34 AM,796.5,6,4779.0,461083827.0000002
09:28:35 AM,796.45,17,13539.650000000001,461097366.65000015
09:28:35 AM,796.5,0,0.0,461097366.65000015
09:28:35 AM,796.5,5,3982.5,461101349.15000015
09:28:36 AM,796.5,116,92394.0,461193743.15000015
09:28:36 AM,796.5,4,3186.0,461196929.15000015
09:28:37 AM,796.55,32,25489.6,461222418.7500002
09:28:37 AM,796.45,0,0.0,461222418.7500002
09:28:37 AM,796.45,40,31858.0,461254276.7500002
09:28:38 AM,796.45,173,137785.85,461392062.6000002
09:28:38 AM,796.5,0,0.0,461392062.6000002
09:28:38 AM,796.35,64,50966.4,461443029.0000002
09:28:39 AM,796.5,0,0.0,461443029.0000002
09:28:39 AM,796.5,151,120271.5,461563300.5000002
09:28:39 AM,796.5,27,21505.5,461584806.0000002
09:28:40 AM,796.5,21,16726.5,461601532.5000002
09:28:40 AM,796.5,22,17523.0,461619055.5000002
09:28:41 AM,796.5,22,17523.0,461636578.5000002
09:28:41 AM,796.5,20,15930.0,461652508.5000002
09:28:42 AM,796.4,0,0.0,461652508.5000002
09:28:42 AM,796.5,12,9558.0,461662066.5000002
09:28:42 AM,796.35,46,36632.1,461698698.6000002
09:28:43 AM,796.5,0,0.0,461698698.6000002
09:28:43 AM,796.5,31,24691.5,461723390.1000002
09:28:43 AM,796.4,5,3982.0,461727372.1000002
09:28:44 AM,796.55,0,0.0,461727372.1000002
09:28:44 AM,796.55,500,398275.0,462125647.1000002
09:28:44 AM,796.45,2,1592.9,462127240.0000002
09:28:45 AM,796.5,0,0.0,462127240.0000002
09:28:45 AM,796.5,119,94783.5,462222023.5000002
09:28:46 AM,796.5,2,1593.0,462223616.5000002
09:28:46 AM,796.25,20,15925.0,462239541.5000002
09:28:47 AM,796.45,0,0.0,462239541.5000002
09:28:47 AM,796.45,18,14336.1,462253877.6000002
09:28:47 AM,796.25,25,19906.25,462273783.8500002
09:28:48 AM,796.45,0,0.0,462273783.8500002
09:28:48 AM,796.45,10,7964.5,462281748.3500002
09:28:48 AM,796.35,1,796.35,462282544.7000002
09:28:49 AM,796.2,0,0.0,462282544.7000002
09:28:49 AM,796.2,200,159240.0,462441784.7000002
09:28:50 AM,796.45,0,0.0,462441784.7000002
09:28:50 AM,796.2,29,23089.800000000003,462464874.50000024
09:28:51 AM,796.45,0,0.0,462464874.50000024
09:28:51 AM,796.45,35,27875.75,462492750.25000024
09:28:51 AM,796.25,1,796.25,462493546.50000024
09:28:52 AM,796.45,0,0.0,462493546.50000024
09:28:52 AM,796.45,7,5575.150000000001,462499121.6500002
09:28:52 AM,796.45,25,19911.25,462519032.9000002
09:28:53 AM,796.45,1,796.45,462519829.3500002
09:28:53 AM,796.5,100,79650.0,462599479.3500002
09:28:54 AM,796.5,1,796.5,462600275.8500002
09:28:55 AM,796.4,10,7964.0,462608239.8500002
09:28:55 AM,796.5,104,82836.0,462691075.8500002
09:28:56 AM,796.5,12,9558.0,462700633.8500002
09:28:57 AM,796.4,0,0.0,462700633.8500002
09:28:57 AM,796.4,1,796.4,462701430.2500002
09:28:57 AM,796.5,0,0.0,462701430.2500002
09:28:57 AM,796.5,2,1593.0,462703023.2500002
09:28:58 AM,796.4,0,0.0,462703023.2500002
09:28:58 AM,796.4,10,7964.0,462710987.2500002
09:28:58 AM,796.5,0,0.0,462710987.2500002
09:28:58 AM,796.5,77,61330.5,462772317.7500002
09:28:59 AM,796.5,3,2389.5,462774707.2500002
09:29:00 AM,796.65,0,0.0,462774707.2500002
09:29:00 AM,796.75,1203,958490.25,463733197.5000002
09:29:01 AM,796.7,0,0.0,463733197.5000002
09:29:01 AM,796.7,10,7967.0,463741164.5000002
09:29:01 AM,796.7,67,53378.9,463794543.40000015
09:29:02 AM,796.7,13,10357.1,463804900.5000002
09:29:02 AM,796.7,47,37444.9,463842345.40000015
09:29:03 AM,796.75,0,0.0,463842345.40000015
09:29:03 AM,796.75,27,21512.25,463863857.65000015
09:29:04 AM,796.75,20,15935.0,463879792.65000015
09:29:04 AM,796.75,500,398375.0,464278167.65000015
09:29:05 AM,796.7,3,2390.1000000000004,464280557.7500002
09:29:05 AM,796.4,324,258033.6,464538591.3500002
09:29:06 AM,796.75,0,0.0,464538591.3500002
09:29:06 AM,796.75,8,6374.0,464544965.3500002
09:29:07 AM,796.4,0,0.0,464544965.3500002
09:29:07 AM,796.4,5,3982.0,464548947.3500002
09:29:08 AM,796.7,4,3186.8,464552134.1500002
09:29:08 AM,796.7,40,31868.0,464584002.1500002
09:29:09 AM,796.7,31,24697.7,464608699.8500002
09:29:10 AM,796.6,0,0.0,464608699.8500002
09:29:10 AM,796.6,70,55762.0,464664461.8500002
09:29:10 AM,796.65,735,585537.75,465249999.6000002
09:29:11 AM,796.75,0,0.0,465249999.6000002
09:29:11 AM,796.75,53,42227.75,465292227.3500002
09:29:12 AM,796.75,9,7170.75,465299398.1000002
09:29:13 AM,796.85,357,284475.45,465583873.5500002
09:29:13 AM,796.75,4,3187.0,465587060.5500002
09:29:14 AM,796.9,87,69330.3,465656390.8500002
09:29:14 AM,796.9,35,27891.5,465684282.3500002
09:29:15 AM,796.85,100,79685.0,465763967.3500002
09:29:16 AM,797.25,7044,5615829.0,471379796.3500002
09:29:16 AM,797.15,484,385820.6,471765616.9500002
09:29:17 AM,797.25,0,0.0,471765616.9500002
09:29:17 AM,797.3,0,0.0,471765616.9500002
09:29:17 AM,797.1,256,204057.6,471969674.55000025
09:29:18 AM,797.45,0,0.0,471969674.55000025
09:29:18 AM,797.45,100,79745.0,472049419.55000025
09:29:18 AM,797.35,0,0.0,472049419.55000025
09:29:18 AM,797.35,10,7973.5,472057393.05000025
09:29:18 AM,797.1,3,2391.3,472059784.35000026
09:29:19 AM,797.4,0,0.0,472059784.35000026
09:29:19 AM,797.1,52,41449.200000000004,472101233.55000025
09:29:20 AM,797.4,0,0.0,472101233.55000025
09:29:20 AM,797.2,0,0.0,472101233.55000025
09:29:20 AM,797.15,190,151458.5,472252692.05000025
09:29:20 AM,797.4,600,478440.0,472731132.05000025
09:29:21 AM,797.05,40,31882.0,472763014.05000025
09:29:22 AM,797.4,0,0.0,472763014.05000025
09:29:22 AM,797.4,196,156290.4,472919304.4500002
09:29:22 AM,797.0,119,94843.0,473014147.4500002
09:29:23 AM,797.0,56,44632.0,473058779.4500002
09:29:23 AM,797.0,25,19925.0,473078704.4500002
09:29:24 AM,797.3,0,0.0,473078704.4500002
09:29:24 AM,797.1,13,10362.300000000001,473089066.75000024
09:29:24 AM,797.3,16,12756.8,473101823.55000025
09:29:25 AM,797.35,0,0.0,473101823.55000025
09:29:25 AM,797.35,10,7973.5,473109797.05000025
09:29:25 AM,797.1,0,0.0,473109797.05000025
09:29:25 AM,797.1,37,29492.7,473139289.75000024
09:29:26 AM,797.4,104,82929.59999999999,473222219.35000026
09:29:27 AM,797.4,20,15948.0,473238167.35000026
09:29:27 AM,797.1,0,0.0,473238167.35000026
09:29:27 AM,797.35,868,692099.8,473930267.1500003
09:29:28 AM,797.3,0,0.0,473930267.1500003
09:29:28 AM,797.3,1,797.3,473931064.4500003
09:29:29 AM,797.3,11,8770.3,473939834.7500003
09:29:29 AM,796.85,0,0.0,473939834.7500003
09:29:29 AM,797.05,217,172959.84999999998,474112794.6000003
09:29:30 AM,797.05,889,708577.45,474821372.0500003
09:29:30 AM,797.15,29,23117.35,474844489.40000033
09:29:31 AM,797.25,0,0.0,474844489.40000033
09:29:31 AM,797.0,0,0.0,474844489.40000033
09:29:31 AM,797.0,25,19925.0,474864414.40000033
09:29:32 AM,797.25,14,11161.5,474875575.90000033
09:29:32 AM,797.1,0,0.0,474875575.90000033
09:29:32 AM,797.1,46,36666.6,474912242.50000036
09:29:33 AM,797.0,0,0.0,474912242.50000036
09:29:33 AM,797.0,1,797.0,474913039.50000036
09:29:34 AM,797.3,0,0.0,474913039.50000036
09:29:34 AM,797.3,14,11162.199999999999,474924201.70000035
09:29:35 AM,797.25,88,70158.0,474994359.70000035
09:29:35 AM,797.25,1,797.25,474995156.95000035
09:29:36 AM,797.3,0,0.0,474995156.95000035
09:29:36 AM,797.3,50,39865.0,475035021.95000035
09:29:36 AM,797.35,0,0.0,475035021.95000035
09:29:37 AM,797.35,36,28704.600000000002,475063726.55000037
09:29:37 AM,797.1,0,0.0,475063726.55000037
09:29:38 AM,797.1,146,116376.6,475180103.1500004
09:29:38 AM,797.1,47,37463.700000000004,475217566.8500004
09:29:39 AM,797.1,1005,801085.5,476018652.3500004
09:29:40 AM,797.1,249,198477.9,476217130.25000036
09:29:41 AM,797.4,0,0.0,476217130.25000036
09:29:41 AM,797.4,105,83727.0,476300857.25000036
09:29:42 AM,797.25,0,0.0,476300857.25000036
09:29:42 AM,797.25,256,204096.0,476504953.25000036
09:29:43 AM,797.35,165,131562.75,476636516.00000036
09:29:43 AM,797.3,0,0.0,476636516.00000036
