date,price,qty,trnvr,cum_trnvr
09:15:01 AM,882.75,42633,37634280.75,37634280.75
09:15:02 AM,883.55,0,0.0,37634280.75
09:15:03 AM,883.95,0,0.0,37634280.75
09:15:04 AM,883.9,7835,6925356.5,44559637.25
09:15:05 AM,883.6,0,0.0,44559637.25
09:15:07 AM,884.3,0,0.0,44559637.25
09:15:09 AM,883.8,0,0.0,44559637.25
09:15:09 AM,883.15,0,0.0,44559637.25
09:15:11 AM,882.9,11042,9748981.799999999,54308619.05
09:15:11 AM,883.5,0,0.0,54308619.05
09:15:12 AM,882.5,0,0.0,54308619.05
09:15:14 AM,883.25,0,0.0,54308619.05
09:15:14 AM,883.2,0,0.0,54308619.05
09:15:15 AM,883.05,11382,10050875.1,64359494.15
09:15:15 AM,883.0,0,0.0,64359494.15
09:15:15 AM,883.05,0,0.0,64359494.15
09:15:17 AM,882.9,0,0.0,64359494.15
09:15:17 AM,883.4,0,0.0,64359494.15
09:15:18 AM,883.3,0,0.0,64359494.15
09:15:19 AM,883.55,0,0.0,64359494.15
09:15:20 AM,883.3,8991,7941750.3,72301244.45
09:15:21 AM,883.0,0,0.0,72301244.45
09:15:21 AM,883.3,0,0.0,72301244.45
09:15:22 AM,883.45,0,0.0,72301244.45
09:15:22 AM,883.55,0,0.0,72301244.45
09:15:23 AM,883.5,3398,3002133.0,75303377.45
09:15:23 AM,882.75,0,0.0,75303377.45
09:15:25 AM,882.45,0,0.0,75303377.45
09:15:25 AM,882.35,0,0.0,75303377.45
09:15:26 AM,882.3,0,0.0,75303377.45
09:15:26 AM,881.85,0,0.0,75303377.45
09:15:27 AM,882.0,0,0.0,75303377.45
09:15:27 AM,881.6,0,0.0,75303377.45
09:15:28 AM,882.05,17997,15874253.85,91177631.3
09:15:28 AM,882.4,0,0.0,91177631.3
09:15:28 AM,881.35,0,0.0,91177631.3
09:15:29 AM,881.8,0,0.0,91177631.3
09:15:30 AM,881.4,0,0.0,91177631.3
09:15:30 AM,881.4,20222,17823670.8,109001302.1
09:15:31 AM,881.0,0,0.0,109001302.1
09:15:31 AM,881.45,0,0.0,109001302.1
09:15:32 AM,881.15,0,0.0,109001302.1
09:15:33 AM,880.95,0,0.0,109001302.1
09:15:34 AM,880.4,0,0.0,109001302.1
09:15:34 AM,880.75,10444,9198553.0,118199855.1
09:15:35 AM,880.25,0,0.0,118199855.1
09:15:35 AM,880.7,0,0.0,118199855.1
09:15:36 AM,880.35,0,0.0,118199855.1
09:15:36 AM,880.75,0,0.0,118199855.1
09:15:37 AM,880.5,17187,15133153.5,133333008.6
09:15:37 AM,881.05,0,0.0,133333008.6
09:15:39 AM,880.55,0,0.0,133333008.6
09:15:39 AM,880.75,0,0.0,133333008.6
09:15:40 AM,881.55,0,0.0,133333008.6
09:15:41 AM,881.6,0,0.0,133333008.6
09:15:41 AM,881.3,22598,19915617.4,153248626.0
09:15:42 AM,881.25,0,0.0,153248626.0
09:15:42 AM,881.55,0,0.0,153248626.0
09:15:43 AM,880.9,0,0.0,153248626.0
09:15:44 AM,880.9,4948,4358693.2,157607319.2
09:15:44 AM,881.15,0,0.0,157607319.2
09:15:45 AM,881.55,0,0.0,157607319.2
09:15:47 AM,881.3,0,0.0,157607319.2
09:15:48 AM,881.2,2954,2603064.8000000003,160210384.0
09:15:48 AM,881.55,0,0.0,160210384.0
09:15:48 AM,881.3,0,0.0,160210384.0
09:15:49 AM,881.55,0,0.0,160210384.0
09:15:50 AM,881.3,0,0.0,160210384.0
09:15:50 AM,881.4,5674,5001063.6,165211447.6
09:15:51 AM,881.9,0,0.0,165211447.6
09:15:51 AM,881.55,0,0.0,165211447.6
09:15:52 AM,881.85,0,0.0,165211447.6
09:15:52 AM,881.55,0,0.0,165211447.6
09:15:53 AM,881.8,0,0.0,165211447.6
09:15:53 AM,881.75,0,0.0,165211447.6
09:15:54 AM,881.8,1834,1617221.2,166828668.79999998
09:15:54 AM,881.55,0,0.0,166828668.79999998
09:15:55 AM,881.8,0,0.0,166828668.79999998
09:15:56 AM,881.6,0,0.0,166828668.79999998
09:15:57 AM,881.6,7576,6679001.600000001,173507670.39999998
09:15:58 AM,881.7,0,0.0,173507670.39999998
09:16:00 AM,881.15,4491,3957244.65,177464915.04999998
09:16:01 AM,881.3,0,0.0,177464915.04999998
09:16:02 AM,880.9,0,0.0,177464915.04999998
09:16:03 AM,880.8,0,0.0,177464915.04999998
09:16:03 AM,880.35,9598,8449599.3,185914514.35
09:16:04 AM,880.55,0,0.0,185914514.35
09:16:04 AM,880.7,0,0.0,185914514.35
09:16:05 AM,881.2,0,0.0,185914514.35
09:16:06 AM,881.0,0,0.0,185914514.35
09:16:07 AM,881.15,5611,4944132.649999999,190858647.0
09:16:07 AM,881.1,0,0.0,190858647.0
09:16:10 AM,880.95,768,676569.6000000001,191535216.6
09:16:10 AM,881.0,0,0.0,191535216.6
09:16:11 AM,881.0,284,250204.0,191785420.6
09:16:11 AM,881.0,467,411427.0,192196847.6
09:16:12 AM,880.95,0,0.0,192196847.6
09:16:12 AM,880.95,306,269570.7,192466418.29999998
09:16:12 AM,880.95,3765,3316776.75,195783195.04999998
09:16:13 AM,881.0,1460,1286260.0,197069455.04999998
09:16:13 AM,881.0,4,3524.0,197072979.04999998
09:16:14 AM,881.0,256,225536.0,197298515.04999998
09:16:14 AM,880.9,0,0.0,197298515.04999998
09:16:15 AM,881.2,0,0.0,197298515.04999998
09:16:15 AM,880.9,545,480090.5,197778605.54999998
09:16:15 AM,881.2,0,0.0,197778605.54999998
09:16:16 AM,880.9,0,0.0,197778605.54999998
09:16:16 AM,881.0,498,438738.0,198217343.54999998
09:16:16 AM,880.95,16,14095.2,198231438.74999997
09:16:16 AM,881.0,0,0.0,198231438.74999997
09:16:17 AM,881.0,1321,1163801.0,199395239.74999997
09:16:17 AM,881.2,10,8812.0,199404051.74999997
09:16:17 AM,881.25,0,0.0,199404051.74999997
09:16:18 AM,880.95,0,0.0,199404051.74999997
09:16:18 AM,880.95,172,151523.4,199555575.14999998
09:16:18 AM,880.9,250,220225.0,199775800.14999998
09:16:19 AM,881.4,0,0.0,199775800.14999998
09:16:19 AM,881.4,424,373713.6,200149513.74999997
09:16:19 AM,881.25,7,6168.75,200155682.49999997
09:16:19 AM,881.0,0,0.0,200155682.49999997
09:16:20 AM,881.25,0,0.0,200155682.49999997
09:16:20 AM,881.0,108,95148.0,200250830.49999997
09:16:20 AM,881.25,38,33487.5,200284317.99999997
09:16:20 AM,881.0,0,0.0,200284317.99999997
09:16:21 AM,881.0,40,35240.0,200319557.99999997
09:16:21 AM,881.0,145,127745.0,200447302.99999997
09:16:21 AM,881.25,0,0.0,200447302.99999997
09:16:22 AM,881.0,0,0.0,200447302.99999997
09:16:22 AM,881.0,840,740040.0,201187342.99999997
09:16:22 AM,881.0,3,2643.0,201189985.99999997
09:16:23 AM,881.25,0,0.0,201189985.99999997
09:16:23 AM,881.25,85,74906.25,201264892.24999997
09:16:23 AM,881.5,501,441631.5,201706523.74999997
09:16:24 AM,881.0,0,0.0,201706523.74999997
09:16:24 AM,881.0,2993,2636833.0,204343356.74999997
09:16:24 AM,881.0,1,881.0,204344237.74999997
09:16:24 AM,881.15,0,0.0,204344237.74999997
09:16:25 AM,881.15,3085,2718347.75,207062585.49999997
09:16:25 AM,881.15,244,215000.6,207277586.09999996
09:16:25 AM,881.25,0,0.0,207277586.09999996
09:16:26 AM,881.1,0,0.0,207277586.09999996
09:16:26 AM,881.2,1899,1673398.8,208950984.89999998
09:16:26 AM,881.2,111,97813.20000000001,209048798.09999996
09:16:27 AM,881.2,116,102219.20000000001,209151017.29999995
09:16:27 AM,881.2,206,181527.2,209332544.49999994
09:16:27 AM,881.05,0,0.0,209332544.49999994
09:16:28 AM,881.05,605,533035.25,209865579.74999994
09:16:28 AM,880.95,10,8809.5,209874389.24999994
09:16:28 AM,880.85,0,0.0,209874389.24999994
09:16:29 AM,880.85,995,876445.75,210750834.99999994
09:16:29 AM,880.9,2,1761.8,210752596.79999995
09:16:30 AM,880.9,11,9689.9,210762286.69999996
09:16:30 AM,880.95,0,0.0,210762286.69999996
09:16:31 AM,880.95,19,16738.05,210779024.74999997
09:16:31 AM,880.9,2615,2303553.5,213082578.24999997
09:16:31 AM,880.95,0,0.0,213082578.24999997
09:16:32 AM,880.95,425,374403.75,213456981.99999997
09:16:32 AM,880.85,23015,20272762.75,233729744.74999997
09:16:33 AM,880.95,0,0.0,233729744.74999997
09:16:33 AM,880.95,217,191166.15000000002,233920910.89999998
09:16:33 AM,880.85,105,92489.25,234013400.14999998
09:16:34 AM,880.95,0,0.0,234013400.14999998
09:16:34 AM,880.95,901,793735.9500000001,234807136.09999996
09:16:34 AM,880.85,51,44923.35,234852059.44999996
09:16:34 AM,880.95,0,0.0,234852059.44999996
09:16:35 AM,880.85,0,0.0,234852059.44999996
09:16:35 AM,880.85,3141,2766749.85,237618809.29999995
09:16:35 AM,880.9,51,44925.9,237663735.19999996
09:16:36 AM,880.85,0,0.0,237663735.19999996
09:16:36 AM,880.85,484,426331.4,238090066.59999996
09:16:36 AM,880.85,706,621880.1,238711946.69999996
09:16:37 AM,880.9,0,0.0,238711946.69999996
09:16:37 AM,880.9,374,329456.6,239041403.29999995
09:16:37 AM,880.9,1,880.9,239042284.19999996
09:16:38 AM,880.85,0,0.0,239042284.19999996
09:16:38 AM,880.85,696,613071.6,239655355.79999995
09:16:38 AM,880.9,469,413142.1,240068497.89999995
09:16:38 AM,880.85,0,0.0,240068497.89999995
09:16:39 AM,880.9,0,0.0,240068497.89999995
09:16:39 AM,880.9,207,182346.3,240250844.19999996
09:16:40 AM,880.9,252,221986.8,240472830.99999997
09:16:40 AM,880.85,461,406071.85000000003,240878902.84999996
09:16:40 AM,880.95,0,0.0,240878902.84999996
09:16:41 AM,880.85,0,0.0,240878902.84999996
09:16:41 AM,880.85,903,795407.55,241674310.39999998
09:16:41 AM,880.85,1940,1708849.0,243383159.39999998
09:16:41 AM,880.9,0,0.0,243383159.39999998
09:16:42 AM,880.9,830,731147.0,244114306.39999998
09:16:42 AM,880.95,0,0.0,244114306.39999998
09:16:43 AM,880.95,1838,1619186.1,245733492.49999997
09:16:43 AM,880.9,15,13213.5,245746705.99999997
09:16:44 AM,880.85,0,0.0,245746705.99999997
09:16:44 AM,880.85,88,77514.8,245824220.79999998
09:16:44 AM,880.95,120,105714.0,245929934.79999998
09:16:45 AM,880.9,0,0.0,245929934.79999998
09:16:45 AM,880.9,1195,1052675.5,246982610.29999998
09:16:45 AM,880.95,2,1761.9,246984372.2
09:16:45 AM,880.9,0,0.0,246984372.2
09:16:46 AM,880.95,0,0.0,246984372.2
09:16:46 AM,880.95,465,409641.75,247394013.95
09:16:46 AM,880.95,2,1761.9,247395775.85
09:16:47 AM,880.95,769,677450.55,248073226.4
09:16:47 AM,880.9,0,0.0,248073226.4
09:16:48 AM,880.9,383,337384.7,248410611.1
09:16:48 AM,880.95,200,176190.0,248586801.1
09:16:49 AM,880.95,595,524165.25,249110966.35
09:16:49 AM,880.95,655,577022.25,249687988.6
09:16:50 AM,881.2,0,0.0,249687988.6
09:16:50 AM,881.4,5720,5041608.0,254729596.6
09:16:51 AM,881.15,0,0.0,254729596.6
09:16:51 AM,881.15,1119,986006.85,255715603.45
09:16:51 AM,881.15,5,4405.75,255720009.2
09:16:51 AM,881.2,0,0.0,255720009.2
09:16:52 AM,881.45,0,0.0,255720009.2
09:16:52 AM,881.55,629,554494.95,256274504.14999998
09:16:52 AM,881.8,3,2645.3999999999996,256277149.54999998
09:16:53 AM,882.2,0,0.0,256277149.54999998
09:16:53 AM,882.2,982,866320.4,257143469.95
09:16:53 AM,881.95,0,0.0,257143469.95
09:16:54 AM,882.05,0,0.0,257143469.95
09:16:54 AM,882.05,306,269907.3,257413377.25
09:16:54 AM,882.0,30,26460.0,257439837.25
09:16:55 AM,882.25,0,0.0,257439837.25
09:16:55 AM,882.45,246,217082.7,257656919.95
09:16:55 AM,882.05,0,0.0,257656919.95
09:16:56 AM,882.1,0,0.0,257656919.95
09:16:56 AM,882.45,193,170312.85,257827232.79999998
09:16:56 AM,882.05,1030,908511.5,258735744.29999998
09:16:57 AM,882.3,0,0.0,258735744.29999998
09:16:57 AM,882.3,202,178224.59999999998,258913968.89999998
09:16:57 AM,882.05,3,2646.1499999999996,258916615.04999998
09:16:58 AM,882.3,0,0.0,258916615.04999998
09:16:58 AM,882.3,941,830244.2999999999,259746859.35
09:16:59 AM,882.3,487,429680.1,260176539.45
09:16:59 AM,882.15,2,1764.3,260178303.75
09:16:59 AM,882.5,0,0.0,260178303.75
09:17:00 AM,882.5,79,69717.5,260248021.25
09:17:00 AM,882.3,5,4411.5,260252432.75
09:17:01 AM,882.4,0,0.0,260252432.75
09:17:01 AM,882.4,2007,1770976.8,262023409.55
09:17:02 AM,882.4,9,7941.599999999999,262031351.15
09:17:02 AM,881.9,0,0.0,262031351.15
09:17:02 AM,882.0,2003,1766646.0,263797997.15
09:17:02 AM,882.05,0,0.0,263797997.15
09:17:03 AM,882.05,161,142010.05,263940007.20000002
09:17:03 AM,882.05,146,128779.29999999999,264068786.50000003
09:17:03 AM,882.0,0,0.0,264068786.50000003
09:17:04 AM,882.0,11,9702.0,264078488.50000003
09:17:04 AM,882.0,1,882.0,264079370.50000003
09:17:04 AM,881.35,0,0.0,264079370.50000003
09:17:05 AM,881.7,1221,1076555.7,265155926.20000002
09:17:05 AM,881.75,0,0.0,265155926.20000002
09:17:05 AM,881.75,156,137553.0,265293479.20000002
09:17:05 AM,881.65,0,0.0,265293479.20000002
09:17:06 AM,881.65,124,109324.59999999999,265402803.8
09:17:06 AM,881.8,0,0.0,265402803.8
09:17:06 AM,881.8,104,91707.2,265494511.0
09:17:06 AM,881.65,0,0.0,265494511.0
09:17:07 AM,882.05,153,134953.65,265629464.65
09:17:07 AM,882.15,0,0.0,265629464.65
09:17:07 AM,882.2,1066,940425.2000000001,266569889.85
09:17:07 AM,881.9,0,0.0,266569889.85
09:17:08 AM,881.9,20,17638.0,266587527.85
09:17:08 AM,881.8,414,365065.19999999995,266952593.04999998
09:17:09 AM,881.8,11,9699.8,266962292.85
09:17:09 AM,882.2,294,259366.80000000002,267221659.65
09:17:09 AM,882.4,0,0.0,267221659.65
09:17:10 AM,882.1,251,221407.1,267443066.75
09:17:10 AM,882.4,0,0.0,267443066.75
09:17:10 AM,882.85,503,444073.55,267887140.3
09:17:10 AM,882.45,0,0.0,267887140.3
09:17:11 AM,883.0,0,0.0,267887140.3
09:17:11 AM,883.0,485,428255.0,268315395.3
09:17:11 AM,882.75,0,0.0,268315395.3
09:17:12 AM,883.0,743,656069.0,268971464.3
09:17:12 AM,883.05,0,0.0,268971464.3
09:17:12 AM,883.4,714,630747.6,269602211.90000004
09:17:13 AM,883.2,0,0.0,269602211.90000004
09:17:13 AM,883.7,279,246552.30000000002,269848764.20000005
09:17:13 AM,883.65,0,0.0,269848764.20000005
09:17:14 AM,883.2,2311,2041075.2000000002,271889839.40000004
09:17:14 AM,883.85,249,220078.65,272109918.05
09:17:15 AM,883.85,1,883.85,272110801.90000004
09:17:15 AM,883.85,422,372984.7,272483786.6
09:17:16 AM,883.45,0,0.0,272483786.6
09:17:16 AM,883.4,545,481453.0,272965239.6
09:17:17 AM,883.35,160,141336.0,273106575.6
09:17:17 AM,883.65,0,0.0,273106575.6
09:17:17 AM,883.3,1061,937181.2999999999,274043756.90000004
09:17:17 AM,883.65,0,0.0,274043756.90000004
09:17:18 AM,883.5,109,96301.5,274140058.40000004
09:17:18 AM,883.65,1107,978200.5499999999,275118258.95000005
09:17:19 AM,883.5,11,9718.5,275127977.45000005
09:17:19 AM,883.85,751,663771.35,275791748.8000001
09:17:20 AM,883.65,0,0.0,275791748.8000001
09:17:20 AM,883.5,909,803101.5,276594850.3000001
09:17:20 AM,883.3,0,0.0,276594850.3000001
09:17:21 AM,883.15,314,277309.1,276872159.4000001
09:17:21 AM,883.45,0,0.0,276872159.4000001
09:17:21 AM,883.35,1658,1464594.3,278336753.7000001
09:17:22 AM,883.65,0,0.0,278336753.7000001
09:17:22 AM,883.75,3179,2809441.25,281146194.9500001
09:17:22 AM,883.95,0,0.0,281146194.9500001
09:17:23 AM,883.95,2,1767.9,281147962.8500001
09:17:23 AM,883.5,0,0.0,281147962.8500001
09:17:23 AM,883.85,455,402151.75,281550114.6000001
09:17:24 AM,883.85,567,501142.95,282051257.5500001
09:17:24 AM,883.85,246,217427.1,282268684.6500001
09:17:25 AM,883.4,660,583044.0,282851728.6500001
09:17:25 AM,883.8,0,0.0,282851728.6500001
09:17:25 AM,883.4,998,881633.2,283733361.8500001
09:17:26 AM,883.45,0,0.0,283733361.8500001
09:17:26 AM,883.7,477,421524.9,284154886.75000006
09:17:27 AM,883.4,0,0.0,284154886.75000006
09:17:27 AM,883.4,962,849830.7999999999,285004717.5500001
09:17:27 AM,883.5,0,0.0,285004717.5500001
09:17:28 AM,883.1,915,808036.5,285812754.0500001
09:17:28 AM,883.3,0,0.0,285812754.0500001
09:17:28 AM,883.5,1172,1035462.0,286848216.0500001
09:17:29 AM,883.5,230,203205.0,287051421.0500001
09:17:29 AM,883.6,0,0.0,287051421.0500001
09:17:29 AM,883.7,45,39766.5,287091187.5500001
09:17:29 AM,883.75,0,0.0,287091187.5500001
09:17:30 AM,883.75,154,136097.5,287227285.0500001
09:17:30 AM,883.4,0,0.0,287227285.0500001
09:17:30 AM,883.8,226,199738.8,287427023.8500001
09:17:30 AM,883.6,0,0.0,287427023.8500001
09:17:31 AM,883.55,68,60081.399999999994,287487105.25000006
09:17:31 AM,883.75,201,177633.75,287664739.00000006
09:17:32 AM,883.45,6,5300.700000000001,287670039.70000005
09:17:32 AM,883.85,216,190911.6,287860951.3000001
09:17:32 AM,883.5,0,0.0,287860951.3000001
09:17:33 AM,883.9,4,3535.6,287864486.9000001
09:17:33 AM,883.4,0,0.0,287864486.9000001
09:17:33 AM,883.4,1698,1500013.2,289364500.1000001
09:17:33 AM,883.55,0,0.0,289364500.1000001
09:17:34 AM,883.55,469,414384.94999999995,289778885.0500001
09:17:34 AM,883.5,222,196137.0,289975022.0500001
09:17:35 AM,883.25,2,1766.5,289976788.5500001
09:17:35 AM,883.7,0,0.0,289976788.5500001
09:17:35 AM,883.5,2448,2162808.0,292139596.5500001
09:17:36 AM,883.5,214,189069.0,292328665.5500001
09:17:37 AM,883.5,390,344565.0,292673230.5500001
09:17:38 AM,883.2,0,0.0,292673230.5500001
09:17:38 AM,883.25,506,446924.5,293120155.0500001
09:17:39 AM,883.5,0,0.0,293120155.0500001
09:17:39 AM,883.4,73,64488.2,293184643.25000006
09:17:39 AM,883.2,0,0.0,293184643.25000006
09:17:40 AM,883.2,162,143078.4,293327721.65000004
09:17:40 AM,883.35,780,689013.0,294016734.65000004
09:17:41 AM,883.35,10,8833.5,294025568.15000004
09:17:41 AM,883.3,0,0.0,294025568.15000004
09:17:41 AM,883.35,114,100701.90000000001,294126270.05
09:17:42 AM,883.1,1,883.1,294127153.15000004
09:17:42 AM,883.15,593,523707.95,294650861.1
09:17:42 AM,883.2,0,0.0,294650861.1
09:17:43 AM,883.3,105,92746.5,294743607.6
09:17:43 AM,883.25,0,0.0,294743607.6
09:17:43 AM,883.6,11,9719.6,294753327.20000005
09:17:44 AM,883.6,120,106032.0,294859359.20000005
09:17:44 AM,883.6,451,398503.60000000003,295257862.8000001
09:17:44 AM,883.5,0,0.0,295257862.8000001
09:17:45 AM,883.6,1919,1695628.4000000001,296953491.20000005
09:17:45 AM,883.85,0,0.0,296953491.20000005
09:17:45 AM,883.6,165,145794.0,297099285.20000005
09:17:46 AM,883.9,5395,4768640.5,301867925.70000005
09:17:46 AM,884.0,0,0.0,301867925.70000005
09:17:46 AM,884.15,143,126433.45,301994359.15000004
09:17:47 AM,883.85,2390,2112401.5,304106760.65000004
09:17:47 AM,884.2,385,340417.0,304447177.65000004
09:17:47 AM,883.95,0,0.0,304447177.65000004
09:17:48 AM,884.0,244,215696.0,304662873.65000004
09:17:48 AM,884.15,929,821375.35,305484249.00000006
09:17:49 AM,883.8,112,98985.59999999999,305583234.6000001
09:17:49 AM,884.15,0,0.0,305583234.6000001
09:17:49 AM,883.7,364,321666.8,305904901.4000001
09:17:49 AM,883.6,0,0.0,305904901.4000001
09:17:50 AM,883.5,1300,1148550.0,307053451.4000001
09:17:50 AM,884.0,0,0.0,307053451.4000001
09:17:50 AM,883.6,1896,1675305.6,308728757.0000001
09:17:51 AM,883.65,11,9720.15,308738477.1500001
09:17:51 AM,884.15,0,0.0,308738477.1500001
09:17:51 AM,884.1,1241,1097168.1,309835645.2500001
09:17:52 AM,884.0,2,1768.0,309837413.2500001
09:17:52 AM,883.75,0,0.0,309837413.2500001
09:17:52 AM,884.1,613,541953.3,310379366.55000013
09:17:52 AM,883.9,0,0.0,310379366.55000013
09:17:53 AM,883.8,66,58330.799999999996,310437697.35000014
09:17:53 AM,884.0,0,0.0,310437697.35000014
09:17:53 AM,883.85,0,0.0,310437697.35000014
09:17:54 AM,883.85,1117,987260.4500000001,311424957.80000013
09:17:54 AM,884.1,34,30059.4,311455017.2000001
09:17:54 AM,884.2,0,0.0,311455017.2000001
09:17:54 AM,884.25,0,0.0,311455017.2000001
09:17:55 AM,884.25,2533,2239805.25,313694822.4500001
09:17:56 AM,883.85,671,593063.35,314287885.80000013
09:17:56 AM,883.95,0,0.0,314287885.80000013
09:17:57 AM,883.95,1121,990907.9500000001,315278793.7500001
09:17:57 AM,883.95,25,22098.75,315300892.5000001
09:17:57 AM,884.0,0,0.0,315300892.5000001
09:17:58 AM,884.0,268,236912.0,315537804.5000001
09:17:58 AM,884.0,25,22100.0,315559904.5000001
09:17:58 AM,883.75,0,0.0,315559904.5000001
09:17:59 AM,884.2,457,404079.4,315963983.9000001
09:17:59 AM,883.65,1000,883650.0,316847633.9000001
09:17:59 AM,884.1,0,0.0,316847633.9000001
09:17:59 AM,884.15,0,0.0,316847633.9000001
09:18:00 AM,884.15,1369,1210401.3499999999,318058035.2500001
09:18:00 AM,884.1,29,25638.9,318083674.1500001
09:18:00 AM,884.35,0,0.0,318083674.1500001
09:18:01 AM,884.35,1193,1055029.55,319138703.7000001
09:18:01 AM,883.95,227,200656.65000000002,319339360.3500001
09:18:01 AM,883.9,0,0.0,319339360.3500001
09:18:01 AM,884.2,0,0.0,319339360.3500001
09:18:02 AM,884.3,711,628737.2999999999,319968097.6500001
09:18:02 AM,883.9,0,0.0,319968097.6500001
09:18:03 AM,884.0,198,175032.0,320143129.6500001
09:18:03 AM,884.0,56,49504.0,320192633.6500001
09:18:04 AM,884.0,55,48620.0,320241253.6500001
09:18:04 AM,884.15,1109,980522.35,321221776.0000001
09:18:04 AM,884.1,0,0.0,321221776.0000001
09:18:05 AM,884.1,47,41552.700000000004,321263328.7000001
09:18:05 AM,884.05,494,436720.69999999995,321700049.4000001
09:18:05 AM,884.0,0,0.0,321700049.4000001
09:18:05 AM,884.1,0,0.0,321700049.4000001
09:18:06 AM,883.95,900,795555.0,322495604.4000001
09:18:06 AM,884.05,44,38898.2,322534502.6000001
09:18:07 AM,884.05,1580,1396799.0,323931301.6000001
09:18:07 AM,884.0,8,7072.0,323938373.6000001
09:18:07 AM,883.75,0,0.0,323938373.6000001
09:18:07 AM,883.85,0,0.0,323938373.6000001
09:18:08 AM,883.85,737,651397.4500000001,324589771.0500001
09:18:08 AM,883.85,28,24747.8,324614518.8500001
09:18:09 AM,883.65,626,553164.9,325167683.75000006
09:18:09 AM,883.85,0,0.0,325167683.75000006
09:18:10 AM,883.85,23,20328.55,325188012.3000001
09:18:10 AM,883.55,100,88355.0,325276367.3000001
09:18:11 AM,883.55,515,455028.25,325731395.5500001
09:18:11 AM,883.25,1,883.25,325732278.8000001
09:18:11 AM,883.55,0,0.0,325732278.8000001
09:18:11 AM,883.25,11,9715.75,325741994.5500001
09:18:11 AM,883.55,0,0.0,325741994.5500001
09:18:11 AM,883.55,135,119279.25,325861273.8000001
09:18:12 AM,883.5,0,0.0,325861273.8000001
09:18:12 AM,883.5,101,89233.5,325950507.3000001
09:18:12 AM,883.5,19,16786.5,325967293.8000001
09:18:13 AM,883.3,0,0.0,325967293.8000001
09:18:13 AM,883.55,569,502739.94999999995,326470033.75000006
09:18:13 AM,883.65,5,4418.25,326474452.00000006
09:18:14 AM,883.55,0,0.0,326474452.00000006
09:18:14 AM,883.65,5,4418.25,326478870.25000006
09:18:14 AM,883.65,270,238585.5,326717455.75000006
09:18:15 AM,883.6,0,0.0,326717455.75000006
09:18:15 AM,883.25,867,765777.75,327483233.50000006
09:18:15 AM,883.65,0,0.0,327483233.50000006
09:18:15 AM,883.65,180,159057.0,327642290.50000006
09:18:16 AM,883.3,226,199625.8,327841916.3000001
09:18:16 AM,883.7,0,0.0,327841916.3000001
09:18:16 AM,883.7,153,135206.1,327977122.4000001
09:18:17 AM,883.5,0,0.0,327977122.4000001
09:18:17 AM,883.5,45,39757.5,328016879.9000001
09:18:17 AM,883.5,320,282720.0,328299599.9000001
09:18:18 AM,883.5,120,106020.0,328405619.9000001
09:18:18 AM,883.7,0,0.0,328405619.9000001
09:18:19 AM,883.7,488,431245.60000000003,328836865.5000001
09:18:19 AM,883.4,1000,883400.0,329720265.5000001
09:18:19 AM,883.75,0,0.0,329720265.5000001
09:18:20 AM,883.45,276,243832.2,329964097.7000001
09:18:20 AM,883.45,148,130750.6,330094848.30000013
09:18:21 AM,883.45,6,5300.700000000001,330100149.0000001
09:18:21 AM,883.65,712,629158.7999999999,330729307.80000013
09:18:21 AM,883.45,0,0.0,330729307.80000013
09:18:22 AM,883.45,301,265918.45,330995226.2500001
09:18:22 AM,883.55,327,288920.85,331284147.10000014
09:18:23 AM,883.3,717,633326.1,331917473.20000017
09:18:23 AM,883.45,0,0.0,331917473.20000017
09:18:23 AM,883.4,2892,2554792.8,334472266.0000002
09:18:24 AM,883.45,114,100713.3,334572979.3000002
09:18:24 AM,883.45,359,317158.55,334890137.8500002
09:18:25 AM,883.05,60,52983.0,334943120.8500002
09:18:25 AM,883.15,162,143070.3,335086191.1500002
09:18:26 AM,883.1,133,117452.3,335203643.4500002
09:18:26 AM,883.2,0,0.0,335203643.4500002
09:18:27 AM,883.15,322,284374.3,335488017.75000024
09:18:27 AM,883.15,50,44157.5,335532175.25000024
09:18:27 AM,882.9,0,0.0,335532175.25000024
09:18:28 AM,883.0,147,129801.0,335661976.25000024
09:18:28 AM,883.45,0,0.0,335661976.25000024
09:18:29 AM,883.25,331,292355.75,335954332.00000024
09:18:29 AM,883.35,0,0.0,335954332.00000024
09:18:30 AM,883.35,17,15016.95,335969348.9500002
09:18:30 AM,883.25,518,457523.5,336426872.4500002
09:18:30 AM,883.25,40,35330.0,336462202.4500002
09:18:31 AM,883.7,0,0.0,336462202.4500002
09:18:31 AM,883.75,1312,1159480.0,337621682.4500002
09:18:31 AM,883.4,0,0.0,337621682.4500002
09:18:32 AM,883.3,0,0.0,337621682.4500002
09:18:32 AM,883.3,1417,1251636.0999999999,338873318.55000025
09:18:32 AM,883.75,308,272195.0,339145513.55000025
09:18:33 AM,883.7,0,0.0,339145513.55000025
09:18:33 AM,883.7,205,181158.5,339326672.05000025
09:18:33 AM,883.35,642,567110.7000000001,339893782.75000024
09:18:34 AM,883.75,0,0.0,339893782.75000024
09:18:34 AM,883.75,100,88375.0,339982157.75000024
09:18:34 AM,883.75,20,17675.0,339999832.75000024
09:18:35 AM,883.75,2,1767.5,340001600.25000024
09:18:35 AM,883.95,4817,4257987.15,344259587.4000002
09:18:35 AM,884.2,0,0.0,344259587.4000002
09:18:36 AM,883.9,0,0.0,344259587.4000002
09:18:36 AM,883.95,509,449930.55000000005,344709517.9500002
09:18:36 AM,884.0,1,884.0,344710401.9500002
09:18:37 AM,883.8,0,0.0,344710401.9500002
09:18:37 AM,883.8,115,101637.0,344812038.9500002
09:18:37 AM,883.75,18,15907.5,344827946.4500002
09:18:37 AM,883.65,0,0.0,344827946.4500002
09:18:38 AM,883.65,203,179380.94999999998,345007327.4000002
09:18:38 AM,883.75,0,0.0,345007327.4000002
09:18:38 AM,884.0,164,144976.0,345152303.4000002
09:18:39 AM,884.2,1334,1179522.8,346331826.2000002
09:18:39 AM,883.8,0,0.0,346331826.2000002
09:18:40 AM,883.8,25,22095.0,346353921.2000002
09:18:40 AM,884.0,0,0.0,346353921.2000002
09:18:40 AM,883.95,418,369491.10000000003,346723412.30000025
09:18:41 AM,883.8,492,434829.6,347158241.9000003
09:18:41 AM,883.7,1271,1123182.7,348281424.60000026
09:18:41 AM,883.75,0,0.0,348281424.60000026
09:18:42 AM,883.8,484,427759.19999999995,348709183.80000025
09:18:42 AM,883.75,0,0.0,348709183.80000025
09:18:42 AM,883.75,264,233310.0,348942493.80000025
09:18:42 AM,883.8,0,0.0,348942493.80000025
09:18:43 AM,883.7,0,0.0,348942493.80000025
09:18:43 AM,883.8,746,659314.7999999999,349601808.60000026
09:18:43 AM,883.7,33,29162.100000000002,349630970.7000003
09:18:44 AM,883.95,0,0.0,349630970.7000003
09:18:44 AM,883.95,1752,1548680.4000000001,351179651.10000026
09:18:44 AM,884.05,540,477387.0,351657038.10000026
09:18:45 AM,884.05,399,352735.94999999995,352009774.05000025
09:18:45 AM,884.05,24,21217.199999999997,352030991.25000024
09:18:46 AM,884.25,0,0.0,352030991.25000024
09:18:46 AM,884.05,322,284664.1,352315655.35000026
09:18:46 AM,884.3,1,884.3,352316539.6500003
09:18:46 AM,884.25,0,0.0,352316539.6500003
09:18:47 AM,884.05,0,0.0,352316539.6500003
09:18:47 AM,884.25,403,356352.75,352672892.4000003
09:18:47 AM,883.85,400,353540.0,353026432.4000003
09:18:48 AM,884.25,0,0.0,353026432.4000003
09:18:48 AM,884.25,51,45096.75,353071529.1500003
09:18:49 AM,883.9,0,0.0,353071529.1500003
09:18:49 AM,883.9,149,131701.1,353203230.2500003
09:18:49 AM,884.25,125,110531.25,353313761.5000003
09:18:50 AM,884.2,0,0.0,353313761.5000003
09:18:50 AM,884.2,250,221050.0,353534811.5000003
09:18:50 AM,884.3,46,40677.799999999996,353575489.3000003
09:18:51 AM,884.3,1147,1014292.1,354589781.40000033
09:18:51 AM,884.55,1443,1276405.65,355866187.0500003
09:18:52 AM,884.55,22,19460.1,355885647.15000033
09:18:52 AM,884.8,517,457441.6,356343088.75000036
09:18:52 AM,884.7,0,0.0,356343088.75000036
09:18:53 AM,884.8,0,0.0,356343088.75000036
09:18:53 AM,884.8,276,244204.8,356587293.55000037
09:18:53 AM,884.8,215,190232.0,356777525.55000037
09:18:54 AM,884.8,1117,988321.6,357765847.1500004
09:18:54 AM,884.8,319,282251.2,358048098.3500004
09:18:55 AM,884.8,311,275172.8,358323271.1500004
09:18:55 AM,884.75,776,686566.0,359009837.1500004
09:18:56 AM,884.9,0,0.0,359009837.1500004
09:18:56 AM,884.75,136,120326.0,359130163.1500004
09:18:56 AM,884.35,1684,1489245.4000000001,360619408.55000037
09:18:57 AM,884.1,0,0.0,360619408.55000037
09:18:57 AM,884.1,620,548142.0,361167550.55000037
09:18:57 AM,884.15,185,163567.75,361331118.30000037
09:18:58 AM,884.1,0,0.0,361331118.30000037
09:18:58 AM,884.4,74,65445.6,361396563.9000004
09:18:58 AM,884.5,0,0.0,361396563.9000004
09:18:59 AM,884.5,250,221125.0,361617688.9000004
09:18:59 AM,884.25,0,0.0,361617688.9000004
09:18:59 AM,884.25,964,852417.0,362470105.9000004
09:18:59 AM,884.5,1129,998600.5,363468706.4000004
09:19:00 AM,884.5,340,300730.0,363769436.4000004
09:19:00 AM,884.4,811,717248.4,364486684.80000037
09:19:01 AM,884.25,151,133521.75,364620206.55000037
09:19:01 AM,884.4,0,0.0,364620206.55000037
09:19:01 AM,884.45,151,133551.95,364753758.50000036
09:19:01 AM,884.35,0,0.0,364753758.50000036
09:19:02 AM,884.55,1010,893395.5,365647154.00000036
09:19:02 AM,884.15,0,0.0,365647154.00000036
09:19:02 AM,884.45,1245,1101140.25,366748294.25000036
09:19:02 AM,884.15,0,0.0,366748294.25000036
09:19:03 AM,884.15,241,213080.15,366961374.40000033
09:19:03 AM,884.2,1530,1352826.0,368314200.40000033
09:19:04 AM,884.25,0,0.0,368314200.40000033
09:19:04 AM,884.25,176,155628.0,368469828.40000033
09:19:04 AM,884.25,22,19453.5,368489281.90000033
09:19:04 AM,884.65,0,0.0,368489281.90000033
09:19:05 AM,884.65,395,349436.75,368838718.65000033
09:19:06 AM,884.75,0,0.0,368838718.65000033
09:19:06 AM,884.75,1119,990035.25,369828753.90000033
09:19:07 AM,884.5,0,0.0,369828753.90000033
09:19:07 AM,884.5,108,95526.0,369924279.90000033
09:19:07 AM,884.75,74,65471.5,369989751.40000033
09:19:08 AM,884.45,341,301597.45,370291348.8500003
09:19:08 AM,884.5,24,21228.0,370312576.8500003
09:19:08 AM,884.75,0,0.0,370312576.8500003
09:19:09 AM,884.75,80,70780.0,370383356.8500003
09:19:09 AM,884.9,423,374312.7,370757669.5500003
09:19:10 AM,884.9,6,5309.4,370762978.9500003
09:19:10 AM,884.85,0,0.0,370762978.9500003
09:19:10 AM,884.95,165,146016.75,370908995.7000003
09:19:10 AM,885.0,0,0.0,370908995.7000003
09:19:11 AM,885.1,0,0.0,370908995.7000003
09:19:11 AM,885.1,5985,5297323.5,376206319.2000003
09:19:11 AM,885.0,0,0.0,376206319.2000003
09:19:12 AM,884.95,0,0.0,376206319.2000003
09:19:12 AM,885.35,433,383356.55,376589675.7500003
09:19:12 AM,885.3,20,17706.0,376607381.7500003
09:19:12 AM,885.25,0,0.0,376607381.7500003
09:19:13 AM,885.2,0,0.0,376607381.7500003
09:19:13 AM,885.2,500,442600.0,377049981.7500003
09:19:13 AM,885.3,0,0.0,377049981.7500003
09:19:14 AM,885.1,0,0.0,377049981.7500003
09:19:14 AM,885.1,1100,973610.0,378023591.7500003
09:19:14 AM,885.15,0,0.0,378023591.7500003
09:19:15 AM,885.3,0,0.0,378023591.7500003
09:19:15 AM,885.3,1366,1209319.8,379232911.5500003
09:19:15 AM,885.5,7,6198.5,379239110.0500003
09:19:15 AM,885.3,0,0.0,379239110.0500003
09:19:16 AM,885.45,0,0.0,379239110.0500003
09:19:16 AM,885.45,614,543666.3,379782776.3500003
09:19:16 AM,885.2,535,473582.0,380256358.3500003
09:19:16 AM,885.25,0,0.0,380256358.3500003
09:19:17 AM,885.3,0,0.0,380256358.3500003
09:19:17 AM,885.6,1007,891799.2000000001,381148157.5500003
09:19:17 AM,885.65,150,132847.5,381281005.0500003
09:19:18 AM,885.35,0,0.0,381281005.0500003
09:19:18 AM,885.65,244,216098.6,381497103.65000033
09:19:18 AM,885.3,97,85874.09999999999,381582977.75000036
09:19:18 AM,885.4,0,0.0,381582977.75000036
09:19:19 AM,885.65,499,441939.35,382024917.1000004
09:19:19 AM,885.4,0,0.0,382024917.1000004
09:19:20 AM,885.6,866,766929.6,382791846.7000004
09:19:20 AM,885.6,1,885.6,382792732.3000004
09:19:21 AM,884.85,0,0.0,382792732.3000004
09:19:21 AM,885.1,3268,2892506.8000000003,385685239.10000044
09:19:21 AM,885.1,3,2655.3,385687894.40000045
09:19:22 AM,885.1,670,593017.0,386280911.40000045
09:19:22 AM,885.25,14,12393.5,386293304.90000045
09:19:23 AM,885.1,68,60186.8,386353491.70000046
09:19:23 AM,884.9,158,139814.19999999998,386493305.90000045
09:19:23 AM,885.05,0,0.0,386493305.90000045
09:19:24 AM,884.95,0,0.0,386493305.90000045
09:19:24 AM,885.1,868,768266.8,387261572.70000046
09:19:24 AM,885.1,24,21242.4,387282815.10000044
09:19:24 AM,885.0,0,0.0,387282815.10000044
09:19:25 AM,884.85,1969,1742269.6500000001,389025084.7500004
09:19:25 AM,884.4,789,697791.6,389722876.35000044
09:19:25 AM,884.7,0,0.0,389722876.35000044
09:19:26 AM,884.4,0,0.0,389722876.35000044
09:19:26 AM,884.4,298,263551.2,389986427.5500004
09:19:26 AM,884.35,757,669452.9500000001,390655880.5000004
09:19:26 AM,884.8,0,0.0,390655880.5000004
09:19:27 AM,884.5,0,0.0,390655880.5000004
09:19:27 AM,884.8,1105,977704.0,391633584.5000004
09:19:27 AM,884.45,478,422767.10000000003,392056351.60000044
09:19:27 AM,884.85,0,0.0,392056351.60000044
09:19:28 AM,884.85,337,298194.45,392354546.0500004
09:19:28 AM,884.85,1,884.85,392355430.90000045
09:19:28 AM,884.5,0,0.0,392355430.90000045
09:19:29 AM,884.8,0,0.0,392355430.90000045
09:19:29 AM,884.8,89,78747.2,392434178.10000044
09:19:29 AM,884.8,281,248628.8,392682806.90000045
09:19:29 AM,884.9,0,0.0,392682806.90000045
09:19:30 AM,884.5,0,0.0,392682806.90000045
09:19:30 AM,884.5,889,786320.5,393469127.40000045
09:19:30 AM,884.5,16,14152.0,393483279.40000045
09:19:30 AM,884.9,0,0.0,393483279.40000045
09:19:31 AM,884.9,130,115037.0,393598316.40000045
09:19:31 AM,884.6,258,228226.80000000002,393826543.20000046
09:19:31 AM,884.8,0,0.0,393826543.20000046
09:19:32 AM,884.8,116,102636.79999999999,393929180.0000005
09:19:32 AM,884.5,320,283040.0,394212220.0000005
09:19:32 AM,884.8,0,0.0,394212220.0000005
09:19:33 AM,884.55,674,596186.7,394808406.70000046
09:19:33 AM,884.35,294,259998.9,395068405.60000044
09:19:34 AM,884.7,200,176940.0,395245345.60000044
09:19:34 AM,884.35,32,28299.2,395273644.8000004
09:19:34 AM,884.7,0,0.0,395273644.8000004
09:19:35 AM,884.5,0,0.0,395273644.8000004
09:19:35 AM,884.5,876,774822.0,396048466.8000004
09:19:35 AM,884.7,70,61929.0,396110395.8000004
09:19:35 AM,884.5,0,0.0,396110395.8000004
09:19:36 AM,884.65,0,0.0,396110395.8000004
09:19:36 AM,884.35,1547,1368089.45,397478485.2500004
09:19:36 AM,884.5,40,35380.0,397513865.2500004
09:19:36 AM,884.6,0,0.0,397513865.2500004
09:19:37 AM,884.55,165,145950.75,397659816.0000004
09:19:38 AM,884.5,0,0.0,397659816.0000004
09:19:38 AM,884.5,343,303383.5,397963199.5000004
09:19:38 AM,884.4,0,0.0,397963199.5000004
09:19:39 AM,884.2,0,0.0,397963199.5000004
09:19:39 AM,884.25,559,494295.75,398457495.2500004
09:19:39 AM,884.5,0,0.0,398457495.2500004
09:19:40 AM,884.35,0,0.0,398457495.2500004
09:19:40 AM,884.5,301,266234.5,398723729.7500004
09:19:40 AM,884.35,254,224624.9,398948354.6500004
09:19:40 AM,884.25,0,0.0,398948354.6500004
09:19:41 AM,884.0,0,0.0,398948354.6500004
09:19:41 AM,884.0,1117,987428.0,399935782.6500004
09:19:41 AM,884.3,100,88430.0,400024212.6500004
09:19:42 AM,884.0,0,0.0,400024212.6500004
09:19:42 AM,884.0,1316,1163344.0,401187556.6500004
09:19:42 AM,884.2,36,31831.2,401219387.8500004
09:19:42 AM,884.25,0,0.0,401219387.8500004
09:19:43 AM,884.0,0,0.0,401219387.8500004
09:19:43 AM,884.0,453,400452.0,401619839.8500004
09:19:44 AM,883.65,2529,2234750.85,403854590.7000004
09:19:44 AM,883.95,0,0.0,403854590.7000004
09:19:45 AM,883.9,0,0.0,403854590.7000004
09:19:45 AM,883.95,388,342972.60000000003,404197563.3000004
09:19:45 AM,883.95,310,274024.5,404471587.8000004
09:19:46 AM,883.55,0,0.0,404471587.8000004
09:19:46 AM,883.75,152,134330.0,404605917.8000004
09:19:46 AM,883.55,10,8835.5,404614753.3000004
09:19:46 AM,883.5,0,0.0,404614753.3000004
09:19:47 AM,883.75,0,0.0,404614753.3000004
09:19:47 AM,883.8,275,243045.0,404857798.3000004
09:19:48 AM,883.75,443,391501.25,405249299.5500004
09:19:48 AM,883.75,1,883.75,405250183.3000004
09:19:49 AM,883.75,349,308428.75,405558612.0500004
09:19:49 AM,883.75,10,8837.5,405567449.5500004
09:19:49 AM,883.55,0,0.0,405567449.5500004
09:19:50 AM,883.75,130,114887.5,405682337.0500004
09:19:50 AM,883.55,0,0.0,405682337.0500004
09:19:51 AM,883.75,0,0.0,405682337.0500004
09:19:51 AM,883.45,464,409920.80000000005,406092257.85000044
09:19:52 AM,883.25,102,90091.5,406182349.35000044
09:19:52 AM,883.2,0,0.0,406182349.35000044
09:19:53 AM,883.15,0,0.0,406182349.35000044
09:19:53 AM,883.05,709,626082.45,406808431.8000004
09:19:53 AM,883.15,3,2649.45,406811081.2500004
09:19:54 AM,883.0,0,0.0,406811081.2500004
09:19:54 AM,882.95,0,0.0,406811081.2500004
09:19:55 AM,882.95,2370,2092591.5,408903672.7500004
09:19:55 AM,882.5,75,66187.5,408969860.2500004
09:19:56 AM,882.65,17,15005.05,408984865.3000004
09:19:56 AM,882.7,0,0.0,408984865.3000004
09:19:57 AM,882.7,207,182718.90000000002,409167584.2000004
09:19:57 AM,882.7,171,150941.7,409318525.9000004
09:19:57 AM,882.65,385,339820.25,409658346.1500004
09:19:58 AM,882.8,335,295738.0,409954084.1500004
09:19:58 AM,882.85,0,0.0,409954084.1500004
09:19:58 AM,882.9,32,28252.8,409982336.9500004
09:19:59 AM,882.65,0,0.0,409982336.9500004
09:19:59 AM,882.15,0,0.0,409982336.9500004
09:20:00 AM,882.4,898,792395.2,410774732.1500004
09:20:00 AM,882.4,200,176480.0,410951212.1500004
09:20:00 AM,882.1,0,0.0,410951212.1500004
09:20:01 AM,882.3,521,459678.3,411410890.4500004
09:20:01 AM,882.35,0,0.0,411410890.4500004
09:20:01 AM,882.3,120,105876.0,411516766.4500004
09:20:01 AM,882.25,0,0.0,411516766.4500004
09:20:02 AM,882.25,150,132337.5,411649103.9500004
09:20:02 AM,882.1,14,12349.4,411661453.3500004
09:20:02 AM,882.25,0,0.0,411661453.3500004
09:20:03 AM,882.3,241,212634.3,411874087.6500004
09:20:03 AM,882.0,0,0.0,411874087.6500004
09:20:03 AM,882.0,832,733824.0,412607911.6500004
09:20:03 AM,882.2,0,0.0,412607911.6500004
09:20:04 AM,882.0,261,230202.0,412838113.6500004
09:20:04 AM,882.0,104,91728.0,412929841.6500004
09:20:04 AM,882.4,0,0.0,412929841.6500004
09:20:05 AM,882.0,5456,4812192.0,417742033.6500004
09:20:05 AM,882.15,0,0.0,417742033.6500004
09:20:05 AM,882.15,129,113797.34999999999,417855831.0000004
09:20:05 AM,882.05,0,0.0,417855831.0000004
09:20:06 AM,882.05,165,145538.25,418001369.2500004
09:20:06 AM,882.15,0,0.0,418001369.2500004
09:20:07 AM,882.1,208,183476.80000000002,418184846.0500004
09:20:07 AM,882.15,0,0.0,418184846.0500004
09:20:08 AM,882.0,588,518616.0,418703462.0500004
09:20:08 AM,882.0,91,80262.0,418783724.0500004
09:20:08 AM,881.95,0,0.0,418783724.0500004
09:20:09 AM,882.1,315,277861.5,419061585.5500004
09:20:09 AM,882.0,0,0.0,419061585.5500004
09:20:09 AM,882.0,190,167580.0,419229165.5500004
09:20:09 AM,881.95,0,0.0,419229165.5500004
09:20:10 AM,881.85,5830,5141185.5,424370351.0500004
09:20:10 AM,881.5,0,0.0,424370351.0500004
09:20:10 AM,881.5,100,88150.0,424458501.0500004
09:20:10 AM,881.1,0,0.0,424458501.0500004
09:20:11 AM,881.05,0,0.0,424458501.0500004
09:20:11 AM,881.05,1707,1503952.3499999999,425962453.40000045
09:20:11 AM,881.4,5,4407.0,425966860.40000045
09:20:11 AM,881.15,0,0.0,425966860.40000045
09:20:12 AM,881.7,0,0.0,425966860.40000045
09:20:12 AM,881.25,1573,1386206.25,427353066.65000045
09:20:12 AM,881.65,0,0.0,427353066.65000045
09:20:13 AM,881.4,775,683085.0,428036151.65000045
09:20:13 AM,881.75,38,33506.5,428069658.15000045
09:20:13 AM,881.4,0,0.0,428069658.15000045
09:20:14 AM,881.65,0,0.0,428069658.15000045
09:20:14 AM,881.4,757,667219.7999999999,428736877.95000046
09:20:14 AM,881.35,500,440675.0,429177552.95000046
09:20:15 AM,881.4,0,0.0,429177552.95000046
09:20:15 AM,881.4,235,207129.0,429384681.95000046
09:20:16 AM,881.3,0,0.0,429384681.95000046
09:20:16 AM,881.45,439,386956.55000000005,429771638.5000005
09:20:16 AM,881.55,0,0.0,429771638.5000005
09:20:17 AM,881.25,0,0.0,429771638.5000005
09:20:17 AM,881.25,433,381581.25,430153219.7500005
09:20:17 AM,881.25,100,88125.0,430241344.7500005
09:20:17 AM,881.55,0,0.0,430241344.7500005
09:20:18 AM,881.25,0,0.0,430241344.7500005
09:20:18 AM,881.3,394,347232.19999999995,430588576.95000046
09:20:19 AM,881.25,0,0.0,430588576.95000046
09:20:19 AM,881.25,2278,2007487.5,432596064.45000046
09:20:19 AM,881.3,89,78435.7,432674500.15000045
09:20:19 AM,881.15,120,105738.0,432780238.15000045
09:20:20 AM,881.25,682,601012.5,433381250.65000045
09:20:20 AM,881.25,1,881.25,433382131.90000045
09:20:21 AM,881.15,30,26434.5,433408566.40000045
09:20:21 AM,881.35,743,654843.05,434063409.45000046
09:20:22 AM,881.2,0,0.0,434063409.45000046
09:20:22 AM,881.25,519,457368.75,434520778.20000046
09:20:22 AM,881.05,9,7929.45,434528707.65000045
09:20:23 AM,881.25,106,93412.5,434622120.15000045
09:20:23 AM,881.25,10,8812.5,434630932.65000045
09:20:24 AM,881.25,7,6168.75,434637101.40000045
09:20:24 AM,881.05,0,0.0,434637101.40000045
09:20:25 AM,881.05,105,92510.25,434729611.65000045
09:20:25 AM,881.25,89,78431.25,434808042.90000045
09:20:26 AM,881.4,0,0.0,434808042.90000045
09:20:26 AM,881.4,153,134854.19999999998,434942897.10000044
09:20:26 AM,881.2,136,119843.20000000001,435062740.3000004
09:20:26 AM,881.4,0,0.0,435062740.3000004
09:20:27 AM,881.2,106,93407.20000000001,435156147.5000004
09:20:27 AM,881.4,157,138379.8,435294527.3000004
09:20:28 AM,881.45,0,0.0,435294527.3000004
09:20:28 AM,882.0,1847,1629054.0,436923581.3000004
09:20:28 AM,881.7,1,881.7,436924463.0000004
09:20:29 AM,882.0,0,0.0,436924463.0000004
09:20:29 AM,881.95,1056,931339.2000000001,437855802.2000004
09:20:29 AM,882.0,10,8820.0,437864622.2000004
09:20:30 AM,882.0,248,218736.0,438083358.2000004
09:20:30 AM,882.0,44,38808.0,438122166.2000004
09:20:31 AM,882.25,1053,929009.25,439051175.4500004
09:20:31 AM,882.25,28,24703.0,439075878.4500004
09:20:32 AM,882.65,0,0.0,439075878.4500004
09:20:32 AM,882.35,320,282352.0,439358230.4500004
09:20:32 AM,882.2,0,0.0,439358230.4500004
09:20:33 AM,882.3,415,366154.5,439724384.9500004
09:20:33 AM,882.3,1,882.3,439725267.2500004
09:20:34 AM,882.05,0,0.0,439725267.2500004
09:20:34 AM,882.15,624,550461.6,440275728.85000044
09:20:34 AM,882.05,206,181702.3,440457431.15000045
09:20:35 AM,882.1,0,0.0,440457431.15000045
09:20:35 AM,882.4,633,558559.2,441015990.35000044
09:20:35 AM,882.15,0,0.0,441015990.35000044
09:20:36 AM,882.15,69,60868.35,441076858.70000046
09:20:36 AM,882.1,0,0.0,441076858.70000046
09:20:36 AM,882.1,201,177302.1,441254160.8000005
09:20:37 AM,882.35,0,0.0,441254160.8000005
09:20:37 AM,882.0,0,0.0,441254160.8000005
09:20:38 AM,882.0,1226,1081332.0,442335492.8000005
09:20:38 AM,882.0,129,113778.0,442449270.8000005
09:20:38 AM,882.05,0,0.0,442449270.8000005
09:20:39 AM,882.05,203,179056.15,442628326.95000046
09:20:39 AM,882.2,0,0.0,442628326.95000046
09:20:40 AM,882.2,112,98806.40000000001,442727133.35000044
09:20:40 AM,882.15,0,0.0,442727133.35000044
09:20:41 AM,882.1,777,685391.7000000001,443412525.0500004
09:20:42 AM,881.9,0,0.0,443412525.0500004
09:20:42 AM,882.0,555,489510.0,443902035.0500004
09:20:42 AM,882.05,153,134953.65,444036988.7000004
09:20:43 AM,882.0,0,0.0,444036988.7000004
09:20:43 AM,882.05,0,0.0,444036988.7000004
09:20:43 AM,882.05,113,99671.65,444136660.3500004
09:20:44 AM,882.05,11,9702.55,444146362.9000004
09:20:44 AM,882.0,0,0.0,444146362.9000004
09:20:44 AM,882.05,14,12348.699999999999,444158711.6000004
09:20:45 AM,882.05,1,882.05,444159593.6500004
09:20:45 AM,882.3,1109,978470.7,445138064.3500004
09:20:46 AM,882.25,0,0.0,445138064.3500004
09:20:46 AM,882.0,210,185220.0,445323284.3500004
09:20:47 AM,882.25,0,0.0,445323284.3500004
09:20:47 AM,882.1,150,132315.0,445455599.3500004
09:20:48 AM,882.0,0,0.0,445455599.3500004
09:20:48 AM,882.0,71,62622.0,445518221.3500004
09:20:49 AM,882.25,0,0.0,445518221.3500004
09:20:49 AM,882.25,35,30878.75,445549100.1000004
09:20:49 AM,882.1,1,882.1,445549982.2000004
09:20:50 AM,882.25,0,0.0,445549982.2000004
09:20:50 AM,882.25,178,157040.5,445707022.7000004
09:20:51 AM,882.05,0,0.0,445707022.7000004
09:20:51 AM,882.0,0,0.0,445707022.7000004
09:20:51 AM,882.0,961,847602.0,446554624.7000004
09:20:51 AM,882.0,505,445410.0,447000034.7000004
09:20:52 AM,882.1,0,0.0,447000034.7000004
09:20:52 AM,882.2,0,0.0,447000034.7000004
09:20:52 AM,882.2,538,474623.60000000003,447474658.3000004
09:20:52 AM,881.9,40,35276.0,447509934.3000004
09:20:53 AM,882.1,0,0.0,447509934.3000004
09:20:53 AM,882.15,0,0.0,447509934.3000004
09:20:53 AM,882.1,91,80271.1,447590205.40000045
09:20:53 AM,881.9,37,32630.3,447622835.70000046
09:20:54 AM,882.1,0,0.0,447622835.70000046
09:20:54 AM,882.05,0,0.0,447622835.70000046
09:20:54 AM,882.1,63,55572.3,447678408.0000005
09:20:54 AM,882.0,730,643860.0,448322268.0000005
09:20:55 AM,881.7,0,0.0,448322268.0000005
09:20:55 AM,881.95,1527,1346737.6500000001,449669005.65000045
09:20:55 AM,881.95,12,10583.400000000001,449679589.0500004
09:20:56 AM,881.95,187,164924.65,449844513.7000004
09:20:57 AM,881.7,0,0.0,449844513.7000004
09:20:57 AM,881.95,145,127882.75,449972396.4500004
09:20:57 AM,881.7,51,44966.700000000004,450017363.1500004
09:20:58 AM,881.95,0,0.0,450017363.1500004
09:20:58 AM,881.95,55,48507.25,450065870.4000004
09:20:58 AM,881.95,4,3527.8,450069398.2000004
09:20:59 AM,882.05,0,0.0,450069398.2000004
09:20:59 AM,882.25,0,0.0,450069398.2000004
09:20:59 AM,882.25,496,437596.0,450506994.2000004
09:21:00 AM,882.1,51,44987.1,450551981.3000004
09:21:00 AM,882.05,0,0.0,450551981.3000004
09:21:00 AM,882.05,206,181702.3,450733683.60000044
09:21:01 AM,882.1,10,8821.0,450742504.60000044
09:21:01 AM,882.25,0,0.0,450742504.60000044
09:21:01 AM,882.05,117,103199.84999999999,450845704.45000046
09:21:02 AM,882.25,0,0.0,450845704.45000046
09:21:02 AM,882.25,10,8822.5,450854526.95000046
09:21:02 AM,882.05,0,0.0,450854526.95000046
09:21:02 AM,882.05,7,6174.349999999999,450860701.3000005
09:21:03 AM,882.25,0,0.0,450860701.3000005
09:21:03 AM,882.25,3,2646.75,450863348.0500005
09:21:03 AM,882.25,9,7940.25,450871288.3000005
09:21:04 AM,882.05,0,0.0,450871288.3000005
09:21:04 AM,881.85,750,661387.5,451532675.8000005
09:21:04 AM,882.0,0,0.0,451532675.8000005
09:21:04 AM,882.05,72,63507.6,451596183.4000005
09:21:05 AM,882.0,3,2646.0,451598829.4000005
09:21:05 AM,881.85,0,0.0,451598829.4000005
09:21:05 AM,882.0,72,63504.0,451662333.4000005
09:21:06 AM,881.85,189,166669.65,451829003.0500005
09:21:06 AM,882.0,115,101430.0,451930433.0500005
09:21:07 AM,882.0,10,8820.0,451939253.0500005
09:21:07 AM,881.85,12,10582.2,451949835.2500005
09:21:08 AM,882.0,0,0.0,451949835.2500005
09:21:08 AM,882.0,331,291942.0,452241777.2500005
09:21:09 AM,881.8,0,0.0,452241777.2500005
09:21:09 AM,882.2,122,107628.40000000001,452349405.65000045
09:21:10 AM,882.0,0,0.0,452349405.65000045
09:21:10 AM,882.0,1,882.0,452350287.65000045
09:21:10 AM,882.2,0,0.0,452350287.65000045
09:21:10 AM,882.05,14,12348.699999999999,452362636.35000044
09:21:11 AM,882.05,66,58215.299999999996,452420851.65000045
09:21:12 AM,882.0,95,83790.0,452504641.65000045
09:21:13 AM,882.0,2,1764.0,452506405.65000045
09:21:14 AM,882.05,0,0.0,452506405.65000045
09:21:14 AM,882.0,0,0.0,452506405.65000045
09:21:14 AM,882.0,477,420714.0,452927119.65000045
09:21:14 AM,882.0,12,10584.0,452937703.65000045
09:21:15 AM,882.2,0,0.0,452937703.65000045
09:21:15 AM,882.15,56,49400.4,452987104.0500004
09:21:15 AM,882.2,12,10586.400000000001,452997690.4500004
09:21:16 AM,882.2,7,6175.400000000001,453003865.8500004
09:21:16 AM,882.2,10,8822.0,453012687.8500004
09:21:17 AM,882.2,34,29994.800000000003,453042682.6500004
09:21:18 AM,882.2,118,104099.6,453146782.2500004
09:21:18 AM,882.2,312,275246.4,453422028.6500004
09:21:19 AM,882.15,0,0.0,453422028.6500004
09:21:19 AM,882.2,0,0.0,453422028.6500004
09:21:19 AM,882.2,62,54696.4,453476725.05000037
09:21:19 AM,882.05,50,44102.5,453520827.55000037
09:21:20 AM,882.2,51,44992.200000000004,453565819.75000036
09:21:20 AM,882.2,10,8822.0,453574641.75000036
09:21:21 AM,882.2,12,10586.400000000001,453585228.15000033
09:21:21 AM,882.25,1000,882250.0,454467478.15000033
09:21:22 AM,882.25,27,23820.75,454491298.90000033
09:21:22 AM,882.25,27,23820.75,454515119.65000033
09:21:23 AM,882.1,0,0.0,454515119.65000033
09:21:23 AM,882.05,1002,883814.1,455398933.75000036
09:21:23 AM,882.2,6,5293.200000000001,455404226.95000035
09:21:24 AM,882.25,0,0.0,455404226.95000035
09:21:24 AM,882.25,10,8822.5,455413049.45000035
09:21:25 AM,882.2,0,0.0,455413049.45000035
09:21:25 AM,882.05,55,48512.75,455461562.20000035
09:21:25 AM,882.1,0,0.0,455461562.20000035
09:21:25 AM,882.2,55,48521.0,455510083.20000035
09:21:26 AM,882.1,0,0.0,455510083.20000035
09:21:26 AM,882.15,492,434017.8,455944101.00000036
09:21:26 AM,881.95,1101,971026.9500000001,456915127.95000035
09:21:27 AM,882.05,0,0.0,456915127.95000035
09:21:27 AM,881.95,1134,1000131.3,457915259.25000036
09:21:27 AM,882.0,100,88200.0,458003459.25000036
09:21:28 AM,882.0,10,8820.0,458012279.25000036
09:21:28 AM,882.0,502,442764.0,458455043.25000036
09:21:29 AM,882.0,204,179928.0,458634971.25000036
09:21:29 AM,882.0,16,14112.0,458649083.25000036
09:21:30 AM,882.0,296,261072.0,458910155.25000036
09:21:30 AM,882.0,10,8820.0,458918975.25000036
09:21:31 AM,882.0,161,142002.0,459060977.25000036
09:21:31 AM,881.95,10,8819.5,459069796.75000036
09:21:32 AM,881.85,347,306001.95,459375798.70000035
09:21:32 AM,881.95,0,0.0,459375798.70000035
09:21:33 AM,881.9,0,0.0,459375798.70000035
09:21:33 AM,882.15,3864,3408627.6,462784426.30000037
09:21:34 AM,882.3,0,0.0,462784426.30000037
09:21:34 AM,882.15,34,29993.1,462814419.4000004
09:21:35 AM,882.35,1203,1061467.05,463875886.4500004
09:21:35 AM,882.25,0,0.0,463875886.4500004
09:21:35 AM,882.25,15,13233.75,463889120.2000004
09:21:36 AM,882.5,0,0.0,463889120.2000004
09:21:36 AM,882.5,16,14120.0,463903240.2000004
09:21:37 AM,882.3,0,0.0,463903240.2000004
09:21:37 AM,882.25,169,149100.25,464052340.4500004
09:21:38 AM,882.15,0,0.0,464052340.4500004
09:21:38 AM,882.2,0,0.0,464052340.4500004
09:21:38 AM,882.2,570,502854.0,464555194.4500004
09:21:38 AM,882.2,11,9704.2,464564898.6500004
09:21:39 AM,882.25,0,0.0,464564898.6500004
09:21:39 AM,882.25,200,176450.0,464741348.6500004
09:21:39 AM,882.25,1232,1086932.0,465828280.6500004
09:21:40 AM,882.2,0,0.0,465828280.6500004
09:21:41 AM,882.15,0,0.0,465828280.6500004
09:21:41 AM,882.2,637,561961.4,466390242.05000037
09:21:42 AM,882.15,0,0.0,466390242.05000037
09:21:42 AM,882.15,91,80275.65,466470517.70000035
09:21:42 AM,882.15,2,1764.3,466472282.00000036
09:21:43 AM,882.45,0,0.0,466472282.00000036
09:21:43 AM,882.0,1024,903168.0,467375450.00000036
09:21:43 AM,882.15,0,0.0,467375450.00000036
09:21:43 AM,882.15,10,8821.5,467384271.50000036
09:21:44 AM,882.2,0,0.0,467384271.50000036
09:21:44 AM,882.2,323,284950.60000000003,467669222.1000004
09:21:45 AM,882.4,0,0.0,467669222.1000004
09:21:45 AM,882.35,0,0.0,467669222.1000004
09:21:45 AM,882.15,491,433135.64999999997,468102357.75000036
09:21:45 AM,882.05,5,4410.25,468106768.00000036
09:21:46 AM,882.1,701,618352.1,468725120.1000004
09:21:47 AM,882.0,0,0.0,468725120.1000004
09:21:48 AM,882.25,0,0.0,468725120.1000004
09:21:48 AM,882.25,1179,1040172.75,469765292.8500004
09:21:48 AM,882.35,200,176470.0,469941762.8500004
09:21:49 AM,882.1,0,0.0,469941762.8500004
09:21:49 AM,882.0,0,0.0,469941762.8500004
09:21:49 AM,882.0,223,196686.0,470138448.8500004
09:21:49 AM,882.0,105,92610.0,470231058.8500004
09:21:50 AM,882.0,360,317520.0,470548578.8500004
09:21:50 AM,882.0,1,882.0,470549460.8500004
09:21:51 AM,881.9,0,0.0,470549460.8500004
09:21:51 AM,881.9,31,27338.899999999998,470576799.75000036
09:21:51 AM,881.9,3,2645.7,470579445.45000035
09:21:52 AM,882.15,1000,882150.0,471461595.45000035
09:21:52 AM,882.1,0,0.0,471461595.45000035
09:21:53 AM,881.85,0,0.0,471461595.45000035
09:21:53 AM,881.85,184,162260.4,471623855.8500003
09:21:53 AM,882.0,215,189630.0,471813485.8500003
09:21:54 AM,882.0,33,29106.0,471842591.8500003
09:21:54 AM,882.0,2,1764.0,471844355.8500003
09:21:55 AM,881.95,0,0.0,471844355.8500003
09:21:55 AM,881.95,165,145521.75,471989877.6000003
09:21:56 AM,881.8,0,0.0,471989877.6000003
09:21:56 AM,882.0,266,234612.0,472224489.6000003
09:21:56 AM,881.55,1566,1380507.2999999998,473604996.90000033
09:21:57 AM,881.5,0,0.0,473604996.90000033
09:21:57 AM,881.65,0,0.0,473604996.90000033
09:21:57 AM,881.5,312,275028.0,473880024.90000033
09:21:57 AM,881.5,2,1763.0,473881787.90000033
09:21:58 AM,881.65,331,291826.14999999997,474173614.0500003
09:21:59 AM,881.6,0,0.0,474173614.0500003
09:21:59 AM,881.65,83,73176.95,474246791.0000003
09:22:00 AM,881.3,0,0.0,474246791.0000003
09:22:00 AM,881.6,0,0.0,474246791.0000003
09:22:00 AM,881.25,198,174487.5,474421278.5000003
09:22:01 AM,881.2,0,0.0,474421278.5000003
09:22:01 AM,881.5,1541,1358391.5,475779670.0000003
09:22:02 AM,881.25,0,0.0,475779670.0000003
09:22:03 AM,881.55,0,0.0,475779670.0000003
09:22:03 AM,881.15,247,217644.05,475997314.0500003
09:22:04 AM,881.4,0,0.0,475997314.0500003
09:22:04 AM,881.15,757,667030.5499999999,476664344.6000003
09:22:04 AM,881.15,2,1762.3,476666106.90000033
09:22:05 AM,881.15,256,225574.4,476891681.3000003
09:22:05 AM,881.45,5,4407.25,476896088.5500003
09:22:06 AM,881.1,0,0.0,476896088.5500003
09:22:06 AM,881.4,0,0.0,476896088.5500003
09:22:06 AM,881.25,73,64331.25,476960419.8000003
09:22:07 AM,881.4,12,10576.8,476970996.6000003
09:22:08 AM,881.25,19,16743.75,476987740.3500003
09:22:08 AM,881.25,50,44062.5,477031802.8500003
09:22:09 AM,881.65,0,0.0,477031802.8500003
09:22:09 AM,881.65,356,313867.39999999997,477345670.2500003
09:22:09 AM,881.5,56,49364.0,477395034.2500003
09:22:10 AM,881.75,0,0.0,477395034.2500003
09:22:10 AM,881.75,87,76712.25,477471746.5000003
09:22:11 AM,881.45,0,0.0,477471746.5000003
09:22:11 AM,881.75,111,97874.25,477569620.7500003
09:22:11 AM,881.5,12,10578.0,477580198.7500003
09:22:12 AM,881.55,0,0.0,477580198.7500003
09:22:12 AM,881.55,61,53774.549999999996,477633973.3000003
09:22:13 AM,881.85,0,0.0,477633973.3000003
09:22:13 AM,881.85,52,45856.200000000004,477679829.5000003
09:22:13 AM,881.55,5,4407.75,477684237.2500003
09:22:14 AM,881.55,1,881.55,477685118.8000003
09:22:15 AM,881.9,0,0.0,477685118.8000003
09:22:15 AM,881.9,507,447123.3,478132242.1000003
09:22:15 AM,881.9,7,6173.3,478138415.40000033
09:22:16 AM,881.95,0,0.0,478138415.40000033
09:22:16 AM,881.9,387,341295.3,478479710.70000035
09:22:17 AM,881.9,20,17638.0,478497348.70000035
09:22:18 AM,881.7,0,0.0,478497348.70000035
09:22:18 AM,881.7,17,14988.900000000001,478512337.6000003
09:22:18 AM,881.9,1,881.9,478513219.5000003
09:22:19 AM,881.85,6,5291.1,478518510.6000003
09:22:20 AM,881.9,0,0.0,478518510.6000003
09:22:20 AM,881.9,34,29984.6,478548495.20000035
09:22:20 AM,881.95,58,51153.100000000006,478599648.30000037
09:22:21 AM,881.95,37,32632.15,478632280.45000035
09:22:21 AM,881.95,2,1763.9,478634044.3500003
09:22:22 AM,881.9,0,0.0,478634044.3500003
09:22:22 AM,881.9,67,59087.299999999996,478693131.65000033
09:22:22 AM,881.95,0,0.0,478693131.65000033
09:22:22 AM,881.95,17,14993.150000000001,478708124.8000003
09:22:23 AM,881.95,81,71437.95,478779562.7500003
09:22:23 AM,881.95,12,10583.400000000001,478790146.1500003
09:22:24 AM,881.95,20,17639.0,478807785.1500003
09:22:24 AM,881.95,412,363363.4,479171148.55000025
09:22:25 AM,882.0,0,0.0,479171148.55000025
09:22:25 AM,882.3,591,521439.3,479692587.85000026
09:22:25 AM,882.3,4,3529.2,479696117.05000025
09:22:26 AM,882.45,0,0.0,479696117.05000025
09:22:26 AM,882.5,127,112077.5,479808194.55000025
09:22:26 AM,882.45,0,0.0,479808194.55000025
09:22:26 AM,882.4,15,13236.0,479821430.55000025
09:22:27 AM,882.65,0,0.0,479821430.55000025
09:22:27 AM,882.65,315,278034.75,480099465.30000025
09:22:27 AM,882.65,4,3530.6,480102995.9000003
09:22:28 AM,882.75,1207,1065479.25,481168475.1500003
09:22:28 AM,882.75,2,1765.5,481170240.6500003
09:22:29 AM,882.6,0,0.0,481170240.6500003
09:22:29 AM,882.55,1559,1375895.45,482546136.10000026
09:22:29 AM,882.7,0,0.0,482546136.10000026
09:22:29 AM,882.55,142,125322.09999999999,482671458.2000003
09:22:30 AM,882.7,0,0.0,482671458.2000003
09:22:30 AM,882.5,155,136787.5,482808245.7000003
09:22:30 AM,882.7,701,618772.7000000001,483427018.4000003
09:22:31 AM,882.65,0,0.0,483427018.4000003
09:22:31 AM,882.65,161,142106.65,483569125.05000025
09:22:31 AM,882.5,2,1765.0,483570890.05000025
09:22:32 AM,882.25,0,0.0,483570890.05000025
09:22:32 AM,882.1,481,424290.10000000003,483995180.1500003
09:22:32 AM,882.45,14,12354.300000000001,484007534.4500003
09:22:33 AM,882.5,99,87367.5,484094901.9500003
09:22:33 AM,882.6,6,5295.6,484100197.5500003
09:22:34 AM,882.35,16,14117.6,484114315.15000033
09:22:34 AM,882.6,0,0.0,484114315.15000033
09:22:34 AM,882.6,45,39717.0,484154032.15000033
09:22:35 AM,882.6,7,6178.2,484160210.3500003
09:22:35 AM,882.6,241,212706.6,484372916.95000035
09:22:36 AM,882.45,25,22061.25,484394978.20000035
09:22:37 AM,882.45,10,8824.5,484403802.70000035
09:22:37 AM,882.35,0,0.0,484403802.70000035
09:22:37 AM,882.35,33,29117.55,484432920.25000036
09:22:38 AM,882.35,20,17647.0,484450567.25000036
09:22:38 AM,882.45,0,0.0,484450567.25000036
09:22:38 AM,882.45,107,94422.15000000001,484544989.40000033
09:22:39 AM,882.4,212,187068.8,484732058.20000035
09:22:39 AM,882.45,0,0.0,484732058.20000035
09:22:39 AM,882.45,5,4412.25,484736470.45000035
09:22:40 AM,882.6,845,745797.0,485482267.45000035
09:22:40 AM,882.7,0,0.0,485482267.45000035
09:22:40 AM,882.7,374,330129.8,485812397.25000036
09:22:41 AM,882.9,10,8829.0,485821226.25000036
09:22:41 AM,882.9,12,10594.8,485831821.05000037
09:22:42 AM,882.7,53,46783.100000000006,485878604.1500004
09:22:42 AM,882.9,0,0.0,485878604.1500004
09:22:42 AM,882.85,99,87402.15000000001,485966006.30000037
09:22:43 AM,882.45,0,0.0,485966006.30000037
09:22:43 AM,882.45,41,36180.450000000004,486002186.75000036
09:22:43 AM,882.75,0,0.0,486002186.75000036
09:22:43 AM,882.75,4,3531.0,486005717.75000036
09:22:44 AM,882.45,1,882.45,486006600.20000035
09:22:44 AM,882.75,15,13241.25,486019841.45000035
09:22:45 AM,882.5,0,0.0,486019841.45000035
09:22:45 AM,882.5,10,8825.0,486028666.45000035
09:22:45 AM,882.75,2,1765.5,486030431.95000035
09:22:46 AM,882.8,0,0.0,486030431.95000035
09:22:46 AM,882.8,87,76803.59999999999,486107235.55000037
09:22:46 AM,882.75,50,44137.5,486151373.05000037
09:22:47 AM,882.75,1,882.75,486152255.80000037
09:22:48 AM,882.5,0,0.0,486152255.80000037
09:22:48 AM,882.5,666,587745.0,486740000.80000037
09:22:48 AM,882.75,0,0.0,486740000.80000037
09:22:48 AM,882.8,22,19421.6,486759422.4000004
09:22:49 AM,882.8,101,89162.79999999999,486848585.2000004
09:22:49 AM,882.6,0,0.0,486848585.2000004
09:22:49 AM,882.75,325,286893.75,487135478.9500004
09:22:50 AM,882.75,75,66206.25,487201685.2000004
09:22:50 AM,882.5,35,30887.5,487232572.7000004
09:22:52 AM,882.75,0,0.0,487232572.7000004
09:22:52 AM,882.5,0,0.0,487232572.7000004
09:22:52 AM,882.5,326,287695.0,487520267.7000004
09:22:52 AM,882.8,1,882.8,487521150.5000004
09:22:53 AM,882.7,0,0.0,487521150.5000004
09:22:53 AM,882.4,0,0.0,487521150.5000004
09:22:53 AM,882.4,1396,1231830.4,488752980.9000004
09:22:54 AM,882.3,0,0.0,488752980.9000004
09:22:54 AM,882.5,0,0.0,488752980.9000004
09:22:54 AM,882.3,63,55584.899999999994,488808565.80000037
09:22:54 AM,882.5,5,4412.5,488812978.30000037
09:22:55 AM,882.3,0,0.0,488812978.30000037
09:22:55 AM,882.5,0,0.0,488812978.30000037
09:22:55 AM,882.5,31,27357.5,488840335.80000037
09:22:55 AM,882.3,89,78524.7,488918860.50000036
09:22:56 AM,882.5,0,0.0,488918860.50000036
09:22:56 AM,882.5,46,40595.0,488959455.50000036
09:22:57 AM,882.5,3,2647.5,488962103.00000036
09:22:57 AM,882.5,10,8825.0,488970928.00000036
09:22:58 AM,882.3,0,0.0,488970928.00000036
09:22:58 AM,881.9,0,0.0,488970928.00000036
09:22:58 AM,881.9,1148,1012421.2,489983349.20000035
09:22:58 AM,882.2,8,7057.6,489990406.80000037
09:22:59 AM,881.85,0,0.0,489990406.80000037
09:22:59 AM,882.25,0,0.0,489990406.80000037
09:22:59 AM,882.25,501,442007.25,490432414.05000037
09:22:59 AM,881.8,117,103170.59999999999,490535584.6500004
09:23:00 AM,882.2,0,0.0,490535584.6500004
09:23:00 AM,882.0,0,0.0,490535584.6500004
09:23:00 AM,881.75,118,104046.5,490639631.1500004
09:23:00 AM,882.15,112,98800.8,490738431.9500004
09:23:01 AM,881.75,0,0.0,490738431.9500004
09:23:01 AM,882.05,0,0.0,490738431.9500004
09:23:01 AM,882.05,73,64389.649999999994,490802821.6000004
09:23:01 AM,882.1,268,236402.80000000002,491039224.4000004
09:23:02 AM,882.15,222,195837.3,491235061.7000004
09:23:02 AM,882.2,0,0.0,491235061.7000004
09:23:03 AM,881.8,526,463826.8,491698888.5000004
09:23:03 AM,882.0,2,1764.0,491700652.5000004
09:23:04 AM,882.0,632,557424.0,492258076.5000004
09:23:05 AM,881.65,0,0.0,492258076.5000004
09:23:05 AM,881.65,125,110206.25,492368282.7500004
09:23:05 AM,881.85,0,0.0,492368282.7500004
09:23:06 AM,881.55,0,0.0,492368282.7500004
09:23:06 AM,881.7,741,653339.7000000001,493021622.4500004
09:23:07 AM,881.5,0,0.0,493021622.4500004
09:23:07 AM,881.85,690,608476.5,493630098.9500004
09:23:08 AM,881.9,190,167561.0,493797659.9500004
09:23:08 AM,881.55,132,116364.59999999999,493914024.5500004
09:23:08 AM,881.95,0,0.0,493914024.5500004
09:23:09 AM,881.65,0,0.0,493914024.5500004
09:23:09 AM,881.95,485,427745.75,494341770.3000004
09:23:09 AM,881.95,1,881.95,494342652.2500004
09:23:09 AM,881.55,0,0.0,494342652.2500004
09:23:10 AM,881.95,0,0.0,494342652.2500004
09:23:10 AM,881.95,65,57326.75,494399979.0000004
09:23:11 AM,881.95,187,164924.65,494564903.6500004
09:23:11 AM,881.85,0,0.0,494564903.6500004
09:23:11 AM,881.95,10,8819.5,494573723.1500004
09:23:12 AM,881.9,0,0.0,494573723.1500004
09:23:12 AM,881.9,54,47622.6,494621345.7500004
09:23:13 AM,881.75,0,0.0,494621345.7500004
09:23:13 AM,881.9,116,102300.4,494723646.1500004
09:23:13 AM,881.9,13,11464.699999999999,494735110.8500004
09:23:14 AM,881.75,0,0.0,494735110.8500004
09:23:14 AM,881.9,20,17638.0,494752748.8500004
09:23:14 AM,881.85,304,268082.4,495020831.25000036
09:23:15 AM,881.55,0,0.0,495020831.25000036
09:23:15 AM,881.55,512,451353.6,495472184.8500004
09:23:15 AM,881.5,0,0.0,495472184.8500004
09:23:15 AM,881.85,651,574084.35,496046269.2000004
09:23:16 AM,881.8,0,0.0,496046269.2000004
09:23:16 AM,881.8,44,38799.2,496085068.4000004
09:23:17 AM,881.4,0,0.0,496085068.4000004
09:23:17 AM,881.8,385,339493.0,496424561.4000004
09:23:18 AM,881.75,0,0.0,496424561.4000004
09:23:18 AM,881.4,0,0.0,496424561.4000004
09:23:18 AM,881.4,343,302320.2,496726881.6000004
09:23:19 AM,881.75,0,0.0,496726881.6000004
09:23:19 AM,881.8,0,0.0,496726881.6000004
09:23:19 AM,881.75,42,37033.5,496763915.1000004
09:23:20 AM,881.4,0,0.0,496763915.1000004
09:23:20 AM,881.5,0,0.0,496763915.1000004
09:23:20 AM,881.55,940,828657.0,497592572.1000004
09:23:21 AM,881.4,0,0.0,497592572.1000004
09:23:21 AM,881.3,647,570201.1,498162773.2000004
09:23:22 AM,881.3,1,881.3,498163654.5000004
09:23:23 AM,881.55,0,0.0,498163654.5000004
09:23:23 AM,881.55,166,146337.3,498309991.8000004
09:23:24 AM,881.25,0,0.0,498309991.8000004
09:23:24 AM,881.25,339,298743.75,498608735.5500004
09:23:24 AM,881.3,45,39658.5,498648394.0500004
09:23:24 AM,881.55,0,0.0,498648394.0500004
09:23:25 AM,881.5,0,0.0,498648394.0500004
09:23:25 AM,881.5,21,18511.5,498666905.5500004
09:23:25 AM,881.55,5,4407.75,498671313.3000004
09:23:25 AM,881.5,288,253872.0,498925185.3000004
09:23:26 AM,881.25,1208,1064550.0,499989735.3000004
09:23:26 AM,881.15,0,0.0,499989735.3000004
09:23:26 AM,881.15,456,401804.39999999997,500391539.7000004
09:23:27 AM,881.25,49,43181.25,500434720.9500004
09:23:28 AM,881.0,0,0.0,500434720.9500004
09:23:28 AM,881.0,420,370020.0,500804740.9500004
09:23:28 AM,881.15,88,77541.2,500882282.1500004
09:23:29 AM,881.15,16,14098.4,500896380.55000037
09:23:30 AM,881.0,0,0.0,500896380.55000037
09:23:30 AM,881.15,727,640596.0499999999,501536976.6000004
09:23:31 AM,881.15,187,164775.05,501701751.6500004
09:23:32 AM,881.35,0,0.0,501701751.6500004
09:23:32 AM,881.5,0,0.0,501701751.6500004
09:23:32 AM,881.15,1388,1223036.2,502924787.8500004
09:23:33 AM,881.5,13,11459.5,502936247.3500004
09:23:34 AM,881.15,0,0.0,502936247.3500004
09:23:34 AM,881.35,56,49355.6,502985602.9500004
09:23:35 AM,881.35,1,881.35,502986484.3000004
09:23:36 AM,881.25,37,32606.25,503019090.5500004
09:23:36 AM,881.35,1,881.35,503019971.90000045
09:23:37 AM,881.25,25,22031.25,503042003.15000045
09:23:38 AM,881.35,0,0.0,503042003.15000045
09:23:38 AM,881.35,152,133965.2,503175968.35000044
09:23:39 AM,881.35,638,562301.3,503738269.65000045
09:23:40 AM,881.3,0,0.0,503738269.65000045
09:23:40 AM,881.35,180,158643.0,503896912.65000045
09:23:41 AM,881.35,4,3525.4,503900438.0500004
09:23:41 AM,881.3,102,89892.59999999999,503990330.65000045
09:23:42 AM,881.35,0,0.0,503990330.65000045
09:23:42 AM,881.55,1926,1697865.2999999998,505688195.95000046
09:23:44 AM,881.55,2,1763.1,505689959.0500005
09:23:44 AM,881.95,723,637649.85,506327608.9000005
09:23:45 AM,881.95,57,50271.15,506377880.0500005
09:23:46 AM,882.35,0,0.0,506377880.0500005
09:23:46 AM,882.35,1179,1040290.65,507418170.70000046
09:23:46 AM,882.45,0,0.0,507418170.70000046
09:23:46 AM,882.45,372,328271.4,507746442.10000044
09:23:46 AM,882.5,3,2647.5,507749089.60000044
09:23:47 AM,882.45,7,6177.150000000001,507755266.7500004
09:23:48 AM,882.35,103,90882.05,507846148.8000004
09:23:48 AM,882.15,20,17643.0,507863791.8000004
09:23:49 AM,882.35,0,0.0,507863791.8000004
09:23:49 AM,882.4,152,134124.8,507997916.60000044
09:23:50 AM,882.45,0,0.0,507997916.60000044
09:23:50 AM,882.45,54,47652.3,508045568.90000045
09:23:51 AM,882.15,0,0.0,508045568.90000045
09:23:51 AM,882.15,80,70572.0,508116140.90000045
09:23:51 AM,882.1,0,0.0,508116140.90000045
09:23:51 AM,882.05,1227,1082275.3499999999,509198416.2500005
09:23:52 AM,882.2,0,0.0,509198416.2500005
09:23:52 AM,882.2,1,882.2,509199298.45000046
09:23:52 AM,882.2,2,1764.4,509201062.85000044
09:23:53 AM,882.2,41,36170.200000000004,509237233.0500004
09:23:53 AM,882.3,102,89994.59999999999,509327227.65000045
09:23:54 AM,882.35,0,0.0,509327227.65000045
09:23:54 AM,882.2,0,0.0,509327227.65000045
09:23:54 AM,882.15,71,62632.65,509389860.3000004
09:23:54 AM,882.2,1,882.2,509390742.5000004
09:23:55 AM,882.4,0,0.0,509390742.5000004
09:23:55 AM,882.4,58,51179.2,509441921.7000004
09:23:56 AM,882.15,0,0.0,509441921.7000004
09:23:56 AM,882.15,18,15878.699999999999,509457800.4000004
09:23:57 AM,882.2,0,0.0,509457800.4000004
09:23:57 AM,882.2,36,31759.2,509489559.6000004
09:23:57 AM,882.0,0,0.0,509489559.6000004
09:23:57 AM,881.85,626,552038.1,510041597.7000004
09:23:58 AM,882.0,1,882.0,510042479.7000004
09:23:59 AM,882.0,60,52920.0,510095399.7000004
09:24:00 AM,881.9,0,0.0,510095399.7000004
09:24:00 AM,881.9,494,435658.6,510531058.3000004
09:24:00 AM,882.05,0,0.0,510531058.3000004
09:24:00 AM,882.05,65,57333.25,510588391.5500004
09:24:01 AM,882.0,0,0.0,510588391.5500004
09:24:01 AM,881.8,548,483226.39999999997,511071617.9500004
09:24:01 AM,882.0,2,1764.0,511073381.9500004
09:24:02 AM,882.1,0,0.0,511073381.9500004
09:24:02 AM,882.1,802,707444.2000000001,511780826.1500004
09:24:02 AM,882.15,2,1764.3,511782590.4500004
09:24:03 AM,882.2,0,0.0,511782590.4500004
09:24:03 AM,882.2,18,15879.6,511798470.0500004
09:24:03 AM,882.2,11,9704.2,511808174.2500004
09:24:04 AM,882.15,0,0.0,511808174.2500004
09:24:04 AM,882.2,284,250544.80000000002,512058719.0500004
09:24:05 AM,881.9,0,0.0,512058719.0500004
09:24:05 AM,882.3,0,0.0,512058719.0500004
09:24:05 AM,882.3,345,304393.5,512363112.5500004
09:24:05 AM,881.9,9,7937.099999999999,512371049.65000045
09:24:06 AM,882.05,0,0.0,512371049.65000045
09:24:06 AM,882.1,390,344019.0,512715068.65000045
09:24:06 AM,881.85,83,73193.55,512788262.20000046
09:24:07 AM,882.1,0,0.0,512788262.20000046
09:24:07 AM,882.15,169,149083.35,512937345.5500005
09:24:07 AM,882.15,2,1764.3,512939109.8500005
09:24:08 AM,881.95,221,194910.95,513134020.8000005
09:24:08 AM,881.95,52,45861.4,513179882.20000046
09:24:09 AM,882.15,0,0.0,513179882.20000046
09:24:09 AM,882.2,170,149974.0,513329856.20000046
09:24:10 AM,881.95,0,0.0,513329856.20000046
09:24:10 AM,881.95,6,5291.700000000001,513335147.90000045
09:24:10 AM,882.0,5,4410.0,513339557.90000045
09:24:11 AM,881.95,0,0.0,513339557.90000045
09:24:11 AM,881.9,0,0.0,513339557.90000045
09:24:11 AM,882.05,271,239035.55,513578593.45000046
09:24:11 AM,881.35,1710,1507108.5,515085701.95000046
09:24:12 AM,881.65,0,0.0,515085701.95000046
09:24:12 AM,881.65,56,49372.4,515135074.35000044
09:24:12 AM,881.55,1,881.55,515135955.90000045
09:24:13 AM,881.55,48,42314.399999999994,515178270.3000004
09:24:13 AM,881.3,33,29082.899999999998,515207353.2000004
09:24:14 AM,881.5,0,0.0,515207353.2000004
09:24:14 AM,881.5,6,5289.0,515212642.2000004
09:24:15 AM,881.6,0,0.0,515212642.2000004
09:24:15 AM,881.6,310,273296.0,515485938.2000004
09:24:15 AM,881.7,0,0.0,515485938.2000004
09:24:15 AM,881.7,260,229242.0,515715180.2000004
09:24:16 AM,881.35,1,881.35,515716061.5500004
09:24:17 AM,881.6,0,0.0,515716061.5500004
09:24:17 AM,881.6,210,185136.0,515901197.5500004
09:24:18 AM,881.3,0,0.0,515901197.5500004
09:24:18 AM,881.3,1327,1169485.0999999999,517070682.65000045
09:24:19 AM,881.45,0,0.0,517070682.65000045
09:24:19 AM,881.3,130,114569.0,517185251.65000045
09:24:20 AM,881.5,0,0.0,517185251.65000045
09:24:20 AM,881.35,18,15864.300000000001,517201115.95000046
09:24:20 AM,881.45,0,0.0,517201115.95000046
09:24:20 AM,881.35,19,16745.65,517217861.60000044
09:24:21 AM,881.45,0,0.0,517217861.60000044
09:24:21 AM,881.45,2,1762.9,517219624.5000004
09:24:21 AM,881.5,0,0.0,517219624.5000004
09:24:21 AM,881.65,216,190436.4,517410060.9000004
09:24:22 AM,881.35,0,0.0,517410060.9000004
09:24:22 AM,881.65,99,87283.34999999999,517497344.2500004
09:24:22 AM,881.35,0,0.0,517497344.2500004
09:24:22 AM,881.65,87,76703.55,517574047.8000004
09:24:23 AM,881.35,66,58169.1,517632216.90000045
09:24:23 AM,881.35,5,4406.75,517636623.65000045
09:24:24 AM,881.65,0,0.0,517636623.65000045
09:24:24 AM,881.65,55,48490.75,517685114.40000045
09:24:24 AM,881.6,44,38790.4,517723904.8000004
09:24:25 AM,881.35,0,0.0,517723904.8000004
09:24:25 AM,881.6,59,52014.4,517775919.2000004
09:24:26 AM,881.35,0,0.0,517775919.2000004
09:24:26 AM,881.35,32,28203.2,517804122.4000004
09:24:27 AM,881.35,87,76677.45,517880799.8500004
09:24:27 AM,881.6,48,42316.8,517923116.6500004
09:24:28 AM,881.6,40,35264.0,517958380.6500004
09:24:28 AM,881.35,372,327862.2,518286242.8500004
09:24:29 AM,881.3,0,0.0,518286242.8500004
09:24:29 AM,881.3,100,88130.0,518374372.8500004
09:24:29 AM,881.6,0,0.0,518374372.8500004
09:24:29 AM,881.6,107,94331.2,518468704.05000037
09:24:30 AM,881.3,0,0.0,518468704.05000037
09:24:30 AM,881.3,697,614266.1,519082970.1500004
09:24:31 AM,881.5,2,1763.0,519084733.1500004
09:24:32 AM,881.6,0,0.0,519084733.1500004
09:24:32 AM,881.0,7304,6434824.0,525519557.1500004
09:24:32 AM,881.3,10,8813.0,525528370.1500004
09:24:33 AM,881.4,0,0.0,525528370.1500004
09:24:33 AM,881.0,789,695109.0,526223479.1500004
09:24:34 AM,881.05,0,0.0,526223479.1500004
09:24:34 AM,881.05,5307,4675732.35,530899211.5000004
09:24:34 AM,881.2,0,0.0,530899211.5000004
09:24:34 AM,881.25,63,55518.75,530954730.2500004
09:24:35 AM,881.2,0,0.0,530954730.2500004
09:24:35 AM,881.2,5,4406.0,530959136.2500004
09:24:35 AM,881.05,0,0.0,530959136.2500004
09:24:35 AM,880.75,1266,1115029.5,532074165.7500004
09:24:36 AM,881.05,0,0.0,532074165.7500004
09:24:36 AM,881.05,25,22026.25,532096192.0000004
09:24:36 AM,881.25,0,0.0,532096192.0000004
09:24:36 AM,880.95,152,133904.4,532230096.4000004
09:24:37 AM,881.25,0,0.0,532230096.4000004
09:24:37 AM,881.25,7,6168.75,532236265.1500004
09:24:37 AM,881.0,0,0.0,532236265.1500004
09:24:37 AM,881.0,113,99553.0,532335818.1500004
09:24:38 AM,881.05,0,0.0,532335818.1500004
09:24:38 AM,881.05,8,7048.4,532342866.55000037
09:24:38 AM,880.8,0,0.0,532342866.55000037
09:24:38 AM,880.8,70,61656.0,532404522.55000037
09:24:39 AM,881.05,0,0.0,532404522.55000037
09:24:39 AM,881.0,33,29073.0,532433595.55000037
09:24:39 AM,881.0,206,181486.0,532615081.55000037
09:24:40 AM,880.8,0,0.0,532615081.55000037
09:24:40 AM,880.85,0,0.0,532615081.55000037
09:24:40 AM,881.0,55,48455.0,532663536.55000037
09:24:41 AM,881.0,1,881.0,532664417.55000037
09:24:42 AM,880.95,790,695950.5,533360368.05000037
09:24:43 AM,880.95,132,116285.40000000001,533476653.45000035
09:24:44 AM,880.9,0,0.0,533476653.45000035
09:24:44 AM,880.8,0,0.0,533476653.45000035
09:24:44 AM,880.95,838,738236.1000000001,534214889.55000037
09:24:45 AM,880.8,0,0.0,534214889.55000037
09:24:45 AM,880.65,579,509896.35,534724785.9000004
09:24:46 AM,880.6,0,0.0,534724785.9000004
09:24:46 AM,880.55,782,688590.1,535413376.0000004
09:24:47 AM,880.6,0,0.0,535413376.0000004
09:24:47 AM,880.75,1065,937998.75,536351374.7500004
09:24:48 AM,880.45,0,0.0,536351374.7500004
09:24:48 AM,880.45,107,94208.15000000001,536445582.9000004
09:24:48 AM,880.45,54,47544.3,536493127.2000004
09:24:49 AM,880.65,0,0.0,536493127.2000004
09:24:49 AM,880.75,38,33468.5,536526595.7000004
09:24:49 AM,880.65,129,113603.84999999999,536640199.5500004
09:24:50 AM,880.6,0,0.0,536640199.5500004
09:24:50 AM,880.75,284,250133.0,536890332.5500004
09:24:50 AM,880.75,35,30826.25,536921158.8000004
09:24:51 AM,880.75,5,4403.75,536925562.5500004
09:24:52 AM,880.45,0,0.0,536925562.5500004
09:24:52 AM,880.7,0,0.0,536925562.5500004
09:24:52 AM,880.7,226,199038.2,537124600.7500005
09:24:53 AM,880.4,0,0.0,537124600.7500005
09:24:53 AM,880.65,0,0.0,537124600.7500005
09:24:53 AM,880.65,1072,944056.7999999999,538068657.5500004
09:24:53 AM,880.6,205,180523.0,538249180.5500004
09:24:54 AM,880.4,0,0.0,538249180.5500004
09:24:54 AM,880.6,24,21134.4,538270314.9500004
09:24:54 AM,880.6,75,66045.0,538336359.9500004
09:24:55 AM,880.45,0,0.0,538336359.9500004
09:24:55 AM,880.4,44,38737.6,538375097.5500004
09:24:55 AM,880.45,50,44022.5,538419120.0500004
09:24:56 AM,880.6,0,0.0,538419120.0500004
09:24:56 AM,880.4,314,276445.6,538695565.6500005
09:24:56 AM,880.4,9,7923.599999999999,538703489.2500005
09:24:57 AM,880.45,0,0.0,538703489.2500005
09:24:57 AM,880.4,191,168156.4,538871645.6500005
09:24:58 AM,880.45,13,11445.85,538883091.5000005
09:24:59 AM,880.4,273,240349.19999999998,539123440.7000005
09:24:59 AM,880.45,654,575814.3,539699255.0000005
09:25:00 AM,880.35,0,0.0,539699255.0000005
09:25:00 AM,880.35,505,444576.75,540143831.7500005
09:25:00 AM,880.35,44,38735.4,540182567.1500005
09:25:01 AM,880.4,0,0.0,540182567.1500005
09:25:01 AM,880.6,152,133851.2,540316418.3500005
09:25:02 AM,880.4,504,443721.6,540760139.9500005
09:25:03 AM,880.55,0,0.0,540760139.9500005
09:25:03 AM,880.55,46,40505.299999999996,540800645.2500005
09:25:04 AM,880.55,15,13208.25,540813853.5000005
09:25:04 AM,880.45,0,0.0,540813853.5000005
09:25:04 AM,880.45,3,2641.3500000000004,540816494.8500005
09:25:05 AM,880.5,114,100377.0,540916871.8500005
09:25:06 AM,880.65,1075,946698.75,541863570.6000005
09:25:06 AM,880.35,0,0.0,541863570.6000005
09:25:06 AM,880.35,10,8803.5,541872374.1000005
09:25:07 AM,880.4,5,4402.0,541876776.1000005
09:25:07 AM,880.65,0,0.0,541876776.1000005
09:25:07 AM,880.65,103,90706.95,541967483.0500005
09:25:08 AM,880.55,145,127679.75,542095162.8000005
09:25:08 AM,880.5,0,0.0,542095162.8000005
09:25:08 AM,880.5,32,28176.0,542123338.8000005
09:25:09 AM,880.5,97,85408.5,542208747.3000005
09:25:09 AM,880.3,0,0.0,542208747.3000005
09:25:09 AM,880.4,0,0.0,542208747.3000005
09:25:09 AM,880.4,1022,899768.7999999999,543108516.1000005
09:25:10 AM,880.3,192,169017.59999999998,543277533.7000005
09:25:10 AM,880.1,0,0.0,543277533.7000005
09:25:10 AM,880.35,1704,1500116.4000000001,544777650.1000005
09:25:11 AM,880.35,317,279070.95,545056721.0500005
09:25:11 AM,880.3,27,23768.1,545080489.1500006
09:25:12 AM,880.1,174,153137.4,545233626.5500005
09:25:12 AM,880.35,0,0.0,545233626.5500005
09:25:12 AM,880.1,0,0.0,545233626.5500005
09:25:12 AM,880.1,105,92410.5,545326037.0500005
09:25:13 AM,880.15,110,96816.5,545422853.5500005
09:25:13 AM,880.3,0,0.0,545422853.5500005
09:25:13 AM,880.3,173,152291.9,545575145.4500005
09:25:14 AM,880.35,0,0.0,545575145.4500005
09:25:14 AM,880.35,191,168146.85,545743292.3000005
09:25:15 AM,880.3,0,0.0,545743292.3000005
09:25:15 AM,880.35,0,0.0,545743292.3000005
09:25:15 AM,880.35,565,497397.75,546240690.0500005
09:25:15 AM,880.4,197,173438.8,546414128.8500005
09:25:16 AM,880.3,0,0.0,546414128.8500005
09:25:16 AM,880.3,273,240321.9,546654450.7500005
09:25:17 AM,880.35,0,0.0,546654450.7500005
09:25:17 AM,880.3,37,32571.1,546687021.8500005
09:25:18 AM,880.35,0,0.0,546687021.8500005
09:25:18 AM,880.2,460,404892.0,547091913.8500005
09:25:18 AM,880.2,100,88020.0,547179933.8500005
09:25:19 AM,880.4,0,0.0,547179933.8500005
09:25:19 AM,880.35,0,0.0,547179933.8500005
09:25:19 AM,880.35,521,458662.35000000003,547638596.2000005
09:25:20 AM,880.4,0,0.0,547638596.2000005
09:25:20 AM,880.5,0,0.0,547638596.2000005
09:25:20 AM,880.35,601,529090.35,548167686.5500005
09:25:21 AM,880.55,0,0.0,548167686.5500005
09:25:21 AM,880.35,191,168146.85,548335833.4000006
09:25:22 AM,880.55,0,0.0,548335833.4000006
09:25:22 AM,880.5,0,0.0,548335833.4000006
09:25:22 AM,880.3,1900,1672570.0,550008403.4000006
09:25:23 AM,880.75,0,0.0,550008403.4000006
09:25:23 AM,880.75,400,352300.0,550360703.4000006
09:25:24 AM,880.9,266,234319.4,550595022.8000005
09:25:24 AM,880.75,0,0.0,550595022.8000005
09:25:24 AM,880.75,6,5284.5,550600307.3000005
09:25:25 AM,880.9,336,295982.39999999997,550896289.7000005
09:25:25 AM,881.0,0,0.0,550896289.7000005
09:25:25 AM,881.0,1148,1011388.0,551907677.7000005
09:25:26 AM,881.1,70,61677.0,551969354.7000005
09:25:26 AM,881.0,0,0.0,551969354.7000005
09:25:26 AM,881.0,295,259895.0,552229249.7000005
09:25:27 AM,881.3,0,0.0,552229249.7000005
09:25:27 AM,881.25,136,119850.0,552349099.7000005
09:25:27 AM,881.25,14,12337.5,552361437.2000005
09:25:28 AM,881.1,93,81942.3,552443379.5000005
09:25:28 AM,881.25,0,0.0,552443379.5000005
09:25:28 AM,881.25,6,5287.5,552448667.0000005
09:25:29 AM,881.3,2,1762.6,552450429.6000005
09:25:29 AM,881.4,0,0.0,552450429.6000005
09:25:29 AM,881.4,431,379883.39999999997,552830313.0000005
09:25:30 AM,881.25,0,0.0,552830313.0000005
09:25:30 AM,881.05,371,326869.55,553157182.5500004
09:25:30 AM,881.25,0,0.0,553157182.5500004
09:25:31 AM,880.9,222,195559.8,553352742.3500004
09:25:31 AM,880.6,0,0.0,553352742.3500004
09:25:31 AM,880.95,0,0.0,553352742.3500004
09:25:31 AM,880.95,228,200856.6,553553598.9500004
09:25:33 AM,880.95,12,10571.400000000001,553564170.3500004
09:25:33 AM,880.8,0,0.0,553564170.3500004
09:25:33 AM,880.8,400,352320.0,553916490.3500004
09:25:34 AM,880.75,0,0.0,553916490.3500004
09:25:34 AM,880.75,33,29064.75,553945555.1000004
09:25:34 AM,880.8,0,0.0,553945555.1000004
09:25:35 AM,880.75,55,48441.25,553993996.3500004
09:25:36 AM,880.55,0,0.0,553993996.3500004
09:25:36 AM,880.55,309,272089.95,554266086.3000004
09:25:37 AM,880.5,0,0.0,554266086.3000004
09:25:37 AM,880.5,35,30817.5,554296903.8000004
09:25:37 AM,880.55,0,0.0,554296903.8000004
09:25:38 AM,880.55,17,14969.349999999999,554311873.1500005
09:25:39 AM,880.55,13,11447.15,554323320.3000004
09:25:39 AM,880.55,15,13208.25,554336528.5500004
09:25:40 AM,880.55,99,87174.45,554423703.0000005
09:25:40 AM,880.55,206,181393.3,554605096.3000004
09:25:41 AM,880.75,23,20257.25,554625353.5500004
09:25:42 AM,880.75,52,45799.0,554671152.5500004
09:25:42 AM,880.35,175,154061.25,554825213.8000004
09:25:43 AM,880.4,28,24651.2,554849865.0000005
09:25:43 AM,880.75,0,0.0,554849865.0000005
09:25:43 AM,880.75,2,1761.5,554851626.5000005
09:25:44 AM,880.4,0,0.0,554851626.5000005
09:25:44 AM,880.4,119,104767.59999999999,554956394.1000005
09:25:44 AM,880.5,0,0.0,554956394.1000005
09:25:45 AM,880.6,45,39627.0,554996021.1000005
09:25:45 AM,880.6,12,10567.2,555006588.3000005
09:25:46 AM,880.5,30,26415.0,555033003.3000005
09:25:46 AM,880.5,21,18490.5,555051493.8000005
09:25:46 AM,880.45,0,0.0,555051493.8000005
09:25:47 AM,880.55,421,370711.55,555422205.3500005
09:25:47 AM,880.6,5,4403.0,555426608.3500005
09:25:47 AM,880.65,0,0.0,555426608.3500005
09:25:48 AM,880.4,738,649735.2,556076343.5500005
09:25:48 AM,880.55,1,880.55,556077224.1000005
09:25:49 AM,880.75,112,98644.0,556175868.1000005
09:25:50 AM,880.55,72,63399.6,556239267.7000005
09:25:50 AM,880.55,12,10566.599999999999,556249834.3000005
09:25:50 AM,880.75,0,0.0,556249834.3000005
09:25:51 AM,880.55,0,0.0,556249834.3000005
09:25:51 AM,880.65,163,143545.94999999998,556393380.2500006
09:25:51 AM,880.7,236,207845.2,556601225.4500006
09:25:52 AM,880.5,0,0.0,556601225.4500006
09:25:52 AM,880.75,22,19376.5,556620601.9500006
09:25:52 AM,880.8,9,7927.2,556628529.1500007
09:25:53 AM,880.5,0,0.0,556628529.1500007
09:25:53 AM,880.5,62,54591.0,556683120.1500007
09:25:54 AM,880.8,0,0.0,556683120.1500007
09:25:54 AM,880.45,0,0.0,556683120.1500007
09:25:54 AM,880.45,53,46663.850000000006,556729784.0000007
09:25:55 AM,880.8,0,0.0,556729784.0000007
09:25:55 AM,880.8,66,58132.799999999996,556787916.8000007
09:25:56 AM,880.9,32,28188.8,556816105.6000006
09:25:56 AM,880.8,0,0.0,556816105.6000006
09:25:56 AM,881.0,449,395569.0,557211674.6000006
09:25:57 AM,881.0,42,37002.0,557248676.6000006
09:25:57 AM,881.0,27,23787.0,557272463.6000006
09:25:58 AM,880.8,0,0.0,557272463.6000006
09:25:58 AM,881.0,14,12334.0,557284797.6000006
09:25:58 AM,881.0,33,29073.0,557313870.6000006
09:25:59 AM,880.75,0,0.0,557313870.6000006
09:25:59 AM,880.75,1016,894842.0,558208712.6000006
09:26:00 AM,880.85,0,0.0,558208712.6000006
09:26:00 AM,880.95,212,186761.40000000002,558395474.0000006
09:26:00 AM,881.25,0,0.0,558395474.0000006
09:26:01 AM,881.25,140,123375.0,558518849.0000006
09:26:01 AM,881.35,0,0.0,558518849.0000006
09:26:02 AM,881.4,0,0.0,558518849.0000006
09:26:02 AM,881.4,94,82851.59999999999,558601700.6000006
09:26:03 AM,881.3,0,0.0,558601700.6000006
09:26:03 AM,881.3,28,24676.399999999998,558626377.0000006
09:26:04 AM,881.25,0,0.0,558626377.0000006
09:26:04 AM,881.1,254,223799.4,558850176.4000006
09:26:05 AM,881.25,0,0.0,558850176.4000006
09:26:05 AM,881.25,150,132187.5,558982363.9000006
09:26:05 AM,881.3,294,259102.19999999998,559241466.1000006
09:26:06 AM,881.35,0,0.0,559241466.1000006
09:26:06 AM,881.35,28,24677.8,559266143.9000006
09:26:07 AM,881.3,30,26439.0,559292582.9000006
09:26:07 AM,881.3,1,881.3,559293464.2000005
09:26:08 AM,881.35,0,0.0,559293464.2000005
09:26:08 AM,881.3,102,89892.59999999999,559383356.8000005
09:26:09 AM,881.35,0,0.0,559383356.8000005
09:26:09 AM,881.35,30,26440.5,559409797.3000005
09:26:09 AM,881.1,0,0.0,559409797.3000005
09:26:09 AM,881.35,144,126914.40000000001,559536711.7000005
09:26:10 AM,881.1,22,19384.2,559556095.9000006
09:26:11 AM,881.4,0,0.0,559556095.9000006
09:26:11 AM,881.4,514,453039.6,560009135.5000006
09:26:11 AM,881.1,0,0.0,560009135.5000006
09:26:11 AM,881.1,13,11454.300000000001,560020589.8000005
09:26:12 AM,881.4,0,0.0,560020589.8000005
09:26:12 AM,881.4,396,349034.39999999997,560369624.2000005
09:26:12 AM,881.4,8,7051.2,560376675.4000006
09:26:12 AM,881.15,0,0.0,560376675.4000006
09:26:13 AM,881.4,0,0.0,560376675.4000006
09:26:13 AM,881.4,742,653998.7999999999,561030674.2000005
09:26:13 AM,881.3,0,0.0,561030674.2000005
09:26:14 AM,881.3,71,62572.299999999996,561093246.5000005
09:26:14 AM,881.1,25,22027.5,561115274.0000005
09:26:14 AM,881.3,0,0.0,561115274.0000005
09:26:15 AM,881.3,85,74910.5,561190184.5000005
09:26:15 AM,881.3,12,10575.599999999999,561200760.1000005
09:26:15 AM,881.05,0,0.0,561200760.1000005
09:26:16 AM,881.3,0,0.0,561200760.1000005
09:26:16 AM,881.3,522,460038.6,561660798.7000005
09:26:16 AM,881.5,0,0.0,561660798.7000005
09:26:17 AM,881.5,4338,3823947.0,565484745.7000005
09:26:17 AM,881.75,55,48496.25,565533241.9500005
09:26:18 AM,881.75,81,71421.75,565604663.7000005
09:26:18 AM,881.75,25,22043.75,565626707.4500005
09:26:18 AM,881.55,0,0.0,565626707.4500005
09:26:19 AM,881.75,0,0.0,565626707.4500005
09:26:19 AM,881.75,150,132262.5,565758969.9500005
09:26:19 AM,881.6,5,4408.0,565763377.9500005
09:26:20 AM,881.75,0,0.0,565763377.9500005
09:26:20 AM,881.55,491,432841.05,566196219.0000005
09:26:20 AM,881.45,0,0.0,566196219.0000005
09:26:21 AM,881.4,0,0.0,566196219.0000005
09:26:21 AM,881.4,2878,2536669.1999999997,568732888.2000005
09:26:21 AM,881.4,1,881.4,568733769.6000005
09:26:21 AM,881.5,0,0.0,568733769.6000005
09:26:22 AM,881.5,22,19393.0,568753162.6000005
09:26:22 AM,881.35,0,0.0,568753162.6000005
09:26:22 AM,881.45,12,10577.400000000001,568763740.0000005
09:26:23 AM,881.25,0,0.0,568763740.0000005
09:26:23 AM,881.45,9,7933.05,568771673.0500004
09:26:24 AM,881.5,157,138395.5,568910068.5500004
09:26:25 AM,881.4,0,0.0,568910068.5500004
09:26:25 AM,881.4,55,48477.0,568958545.5500004
09:26:25 AM,881.4,110,96954.0,569055499.5500004
09:26:26 AM,881.4,190,167466.0,569222965.5500004
09:26:27 AM,881.1,0,0.0,569222965.5500004
09:26:27 AM,881.1,150,132165.0,569355130.5500004
09:26:27 AM,881.5,55,48482.5,569403613.0500004
09:26:28 AM,881.5,22,19393.0,569423006.0500004
09:26:28 AM,881.6,412,363219.2,569786225.2500005
09:26:29 AM,881.65,0,0.0,569786225.2500005
09:26:29 AM,881.65,31,27331.149999999998,569813556.4000005
09:26:29 AM,881.65,10,8816.5,569822372.9000005
09:26:30 AM,881.7,0,0.0,569822372.9000005
09:26:30 AM,881.7,19,16752.3,569839125.2000004
09:26:30 AM,881.5,0,0.0,569839125.2000004
09:26:30 AM,881.5,3,2644.5,569841769.7000004
09:26:31 AM,881.65,0,0.0,569841769.7000004
09:26:31 AM,881.65,1,881.65,569842651.3500004
09:26:31 AM,881.5,0,0.0,569842651.3500004
09:26:31 AM,881.5,10,8815.0,569851466.3500004
09:26:32 AM,881.65,0,0.0,569851466.3500004
09:26:32 AM,881.65,9,7934.849999999999,569859401.2000004
09:26:33 AM,881.5,0,0.0,569859401.2000004
09:26:33 AM,881.5,10,8815.0,569868216.2000004
09:26:34 AM,881.75,0,0.0,569868216.2000004
09:26:34 AM,881.75,190,167532.5,570035748.7000004
09:26:34 AM,881.65,0,0.0,570035748.7000004
09:26:34 AM,881.75,10,8817.5,570044566.2000004
09:26:35 AM,881.9,0,0.0,570044566.2000004
09:26:35 AM,881.9,4,3527.6,570048093.8000004
09:26:36 AM,881.95,0,0.0,570048093.8000004
09:26:36 AM,881.95,5,4409.75,570052503.5500004
09:26:36 AM,881.95,1,881.95,570053385.5000005
09:26:37 AM,882.0,0,0.0,570053385.5000005
09:26:37 AM,882.0,12,10584.0,570063969.5000005
09:26:37 AM,881.8,0,0.0,570063969.5000005
09:26:37 AM,881.8,9,7936.2,570071905.7000005
09:26:38 AM,882.0,0,0.0,570071905.7000005
09:26:38 AM,882.0,3,2646.0,570074551.7000005
09:26:39 AM,882.0,1,882.0,570075433.7000005
09:26:39 AM,881.7,0,0.0,570075433.7000005
09:26:39 AM,881.7,311,274208.7,570349642.4000006
09:26:40 AM,881.8,0,0.0,570349642.4000006
09:26:40 AM,881.8,626,552006.7999999999,570901649.2000005
09:26:40 AM,881.5,0,0.0,570901649.2000005
09:26:40 AM,881.5,300,264450.0,571166099.2000005
09:26:41 AM,881.75,0,0.0,571166099.2000005
09:26:41 AM,881.75,27,23807.25,571189906.4500005
09:26:41 AM,881.8,0,0.0,571189906.4500005
09:26:41 AM,881.8,119,104934.2,571294840.6500006
09:26:42 AM,881.8,2,1763.6,571296604.2500006
09:26:43 AM,881.8,119,104934.2,571401538.4500006
09:26:43 AM,881.8,1,881.8,571402420.2500006
09:26:44 AM,881.8,26,22926.8,571425347.0500005
09:26:44 AM,881.8,255,224859.0,571650206.0500005
09:26:44 AM,881.8,217,191350.59999999998,571841556.6500006
09:26:45 AM,881.7,0,0.0,571841556.6500006
09:26:45 AM,882.0,593,523026.0,572364582.6500006
09:26:45 AM,881.75,276,243363.0,572607945.6500006
09:26:46 AM,881.9,0,0.0,572607945.6500006
09:26:46 AM,882.0,0,0.0,572607945.6500006
09:26:46 AM,882.0,173,152586.0,572760531.6500006
09:26:47 AM,881.9,0,0.0,572760531.6500006
09:26:47 AM,882.0,0,0.0,572760531.6500006
09:26:47 AM,882.0,511,450702.0,573211233.6500006
09:26:47 AM,882.2,55,48521.0,573259754.6500006
09:26:48 AM,882.05,0,0.0,573259754.6500006
09:26:48 AM,882.35,0,0.0,573259754.6500006
09:26:48 AM,882.35,333,293822.55,573553577.2000005
09:26:48 AM,882.35,200,176470.0,573730047.2000005
09:26:49 AM,882.4,0,0.0,573730047.2000005
09:26:49 AM,882.1,355,313145.5,574043192.7000005
09:26:51 AM,882.2,0,0.0,574043192.7000005
09:26:51 AM,882.1,225,198472.5,574241665.2000005
09:26:52 AM,882.2,0,0.0,574241665.2000005
09:26:52 AM,881.9,1072,945396.7999999999,575187062.0000005
09:26:53 AM,881.95,32,28222.4,575215284.4000005
09:26:53 AM,881.95,5,4409.75,575219694.1500005
09:26:54 AM,881.9,0,0.0,575219694.1500005
09:26:54 AM,881.6,106,93449.6,575313143.7500005
09:26:54 AM,881.9,9,7937.099999999999,575321080.8500005
09:26:55 AM,881.4,0,0.0,575321080.8500005
09:26:55 AM,881.6,1109,977694.4,576298775.2500005
09:26:55 AM,881.35,82,72270.7,576371045.9500005
09:26:56 AM,881.6,0,0.0,576371045.9500005
09:26:56 AM,881.5,0,0.0,576371045.9500005
09:26:56 AM,881.55,104,91681.2,576462727.1500006
09:26:56 AM,881.5,8,7052.0,576469779.1500006
09:26:57 AM,881.5,327,288250.5,576758029.6500006
09:26:58 AM,881.3,18,15863.4,576773893.0500005
09:26:59 AM,881.45,39,34376.55,576808269.6000005
09:26:59 AM,881.55,0,0.0,576808269.6000005
09:26:59 AM,881.25,540,475875.0,577284144.6000005
09:27:00 AM,881.25,8,7050.0,577291194.6000005
09:27:01 AM,881.45,23,20273.350000000002,577311467.9500005
09:27:01 AM,881.0,0,0.0,577311467.9500005
09:27:01 AM,881.2,876,771931.2000000001,578083399.1500006
09:27:02 AM,881.0,5,4405.0,578087804.1500006
09:27:02 AM,881.25,65,57281.25,578145085.4000006
09:27:03 AM,881.0,0,0.0,578145085.4000006
09:27:03 AM,881.3,0,0.0,578145085.4000006
09:27:03 AM,881.3,107,94299.09999999999,578239384.5000006
09:27:04 AM,880.9,1368,1205071.2,579444455.7000006
09:27:04 AM,881.05,0,0.0,579444455.7000006
09:27:04 AM,881.0,1015,894215.0,580338670.7000006
09:27:05 AM,881.05,66,58149.299999999996,580396820.0000006
09:27:05 AM,881.05,1,881.05,580397701.0500005
09:27:06 AM,880.85,0,0.0,580397701.0500005
09:27:06 AM,880.85,508,447471.8,580845172.8500005
09:27:06 AM,880.5,321,282640.5,581127813.3500005
09:27:07 AM,880.85,160,140936.0,581268749.3500005
09:27:07 AM,880.85,62,54612.700000000004,581323362.0500005
09:27:08 AM,880.85,189,166480.65,581489842.7000005
09:27:08 AM,880.8,0,0.0,581489842.7000005
09:27:08 AM,880.8,10,8808.0,581498650.7000005
09:27:09 AM,880.85,0,0.0,581498650.7000005
09:27:09 AM,880.85,17,14974.45,581513625.1500006
09:27:10 AM,880.95,0,0.0,581513625.1500006
09:27:10 AM,880.95,322,283665.9,581797291.0500005
09:27:10 AM,880.55,0,0.0,581797291.0500005
09:27:10 AM,880.55,1057,930741.35,582728032.4000006
09:27:11 AM,880.4,501,441080.39999999997,583169112.8000005
09:27:11 AM,880.7,0,0.0,583169112.8000005
09:27:11 AM,880.7,2,1761.4,583170874.2000005
09:27:12 AM,880.45,1162,1023082.9,584193957.1000005
09:27:12 AM,880.4,0,0.0,584193957.1000005
09:27:13 AM,880.6,11,9686.6,584203643.7000005
09:27:13 AM,880.4,0,0.0,584203643.7000005
09:27:13 AM,880.55,153,134724.15,584338367.8500005
09:27:14 AM,880.65,82,72213.3,584410581.1500005
09:27:14 AM,880.45,0,0.0,584410581.1500005
09:27:15 AM,880.45,957,842590.65,585253171.8000004
09:27:15 AM,880.4,0,0.0,585253171.8000004
09:27:15 AM,880.4,22,19368.8,585272540.6000004
09:27:16 AM,880.55,130,114471.5,585387012.1000004
09:27:16 AM,880.6,0,0.0,585387012.1000004
09:27:16 AM,880.6,214,188448.4,585575460.5000004
09:27:17 AM,880.3,70,61621.0,585637081.5000004
09:27:17 AM,880.5,0,0.0,585637081.5000004
09:27:17 AM,880.5,11,9685.5,585646767.0000004
09:27:18 AM,880.3,300,264090.0,585910857.0000004
09:27:18 AM,880.4,113,99485.2,586010342.2000004
09:27:19 AM,880.4,12,10564.8,586020907.0000004
09:27:19 AM,880.3,0,0.0,586020907.0000004
09:27:19 AM,880.3,6,5281.799999999999,586026188.8000003
09:27:20 AM,880.4,0,0.0,586026188.8000003
09:27:20 AM,880.4,3,2641.2,586028830.0000004
09:27:21 AM,880.5,242,213081.0,586241911.0000004
09:27:22 AM,880.4,5,4402.0,586246313.0000004
09:27:22 AM,880.4,45,39618.0,586285931.0000004
09:27:23 AM,880.3,6,5281.799999999999,586291212.8000003
09:27:23 AM,880.4,1,880.4,586292093.2000003
09:27:24 AM,879.65,22731,19995324.15,606287417.3500003
09:27:24 AM,880.0,0,0.0,606287417.3500003
09:27:24 AM,879.6,0,0.0,606287417.3500003
09:27:24 AM,880.05,1830,1610491.5,607897908.8500003
09:27:25 AM,879.65,310,272691.5,608170600.3500003
09:27:25 AM,879.85,0,0.0,608170600.3500003
09:27:25 AM,879.65,0,0.0,608170600.3500003
09:27:25 AM,879.65,296,260376.4,608430976.7500002
09:27:26 AM,879.55,12,10554.599999999999,608441531.3500003
09:27:26 AM,879.8,0,0.0,608441531.3500003
09:27:26 AM,879.55,0,0.0,608441531.3500003
09:27:26 AM,879.55,45,39579.75,608481111.1000003
09:27:27 AM,879.25,7,6154.75,608487265.8500003
09:27:27 AM,879.55,0,0.0,608487265.8500003
09:27:27 AM,879.55,844,742340.2,609229606.0500003
09:27:28 AM,879.25,4,3517.0,609233123.0500003
09:27:28 AM,879.55,0,0.0,609233123.0500003
09:27:28 AM,879.55,75,65966.25,609299089.3000003
09:27:29 AM,879.25,0,0.0,609299089.3000003
09:27:29 AM,879.65,0,0.0,609299089.3000003
09:27:29 AM,879.7,833,732790.1000000001,610031879.4000003
09:27:30 AM,879.75,314,276241.5,610308120.9000003
09:27:30 AM,879.75,95,83576.25,610391697.1500003
09:27:31 AM,879.75,1,879.75,610392576.9000003
09:27:31 AM,879.75,1,879.75,610393456.6500003
09:27:32 AM,879.7,0,0.0,610393456.6500003
09:27:32 AM,879.7,3230,2841431.0,613234887.6500003
09:27:33 AM,879.4,1675,1472995.0,614707882.6500003
09:27:33 AM,879.7,31,27270.7,614735153.3500004
09:27:34 AM,879.4,25,21985.0,614757138.3500004
09:27:34 AM,879.55,0,0.0,614757138.3500004
09:27:34 AM,879.4,0,0.0,614757138.3500004
09:27:34 AM,879.4,13,11432.199999999999,614768570.5500004
09:27:35 AM,879.55,142,124896.09999999999,614893466.6500005
09:27:35 AM,879.7,0,0.0,614893466.6500005
09:27:35 AM,879.7,65,57180.5,614950647.1500005
09:27:36 AM,879.55,24,21109.199999999997,614971756.3500005
09:27:36 AM,879.7,0,0.0,614971756.3500005
09:27:36 AM,879.7,7,6157.900000000001,614977914.2500005
09:27:37 AM,879.65,329,289404.85,615267319.1000005
09:27:37 AM,879.7,252,221684.40000000002,615489003.5000005
09:27:38 AM,879.65,0,0.0,615489003.5000005
09:27:38 AM,879.65,1,879.65,615489883.1500005
09:27:38 AM,879.65,66,58056.9,615547940.0500004
09:27:39 AM,879.85,0,0.0,615547940.0500004
09:27:39 AM,879.65,474,416954.1,615964894.1500005
09:27:40 AM,879.7,16,14075.2,615978969.3500005
09:27:40 AM,879.65,1426,1254380.9,617233350.2500005
09:27:41 AM,880.0,0,0.0,617233350.2500005
09:27:41 AM,879.75,209,183867.75,617417218.0000005
09:27:41 AM,880.0,6,5280.0,617422498.0000005
09:27:42 AM,879.75,0,0.0,617422498.0000005
09:27:42 AM,880.0,102,89760.0,617512258.0000005
09:27:42 AM,880.0,306,269280.0,617781538.0000005
09:27:43 AM,880.1,0,0.0,617781538.0000005
09:27:43 AM,880.3,783,689274.8999999999,618470812.9000005
09:27:44 AM,880.2,0,0.0,618470812.9000005
09:27:44 AM,880.45,0,0.0,618470812.9000005
09:27:44 AM,880.5,111,97735.5,618568548.4000005
09:27:45 AM,880.25,0,0.0,618568548.4000005
09:27:45 AM,880.25,67,58976.75,618627525.1500005
09:27:45 AM,879.95,5000,4399750.0,623027275.1500005
09:27:46 AM,880.5,0,0.0,623027275.1500005
09:27:46 AM,879.65,245,215514.25,623242789.4000005
09:27:47 AM,879.95,0,0.0,623242789.4000005
09:27:47 AM,879.65,400,351860.0,623594649.4000005
09:27:47 AM,879.85,72,63349.200000000004,623657998.6000005
09:27:48 AM,880.0,0,0.0,623657998.6000005
09:27:48 AM,879.7,0,0.0,623657998.6000005
09:27:48 AM,879.7,4,3518.8,623661517.4000005
09:27:48 AM,879.65,50,43982.5,623705499.9000005
09:27:49 AM,879.8,0,0.0,623705499.9000005
09:27:49 AM,879.85,517,454882.45,624160382.3500005
09:27:49 AM,879.65,591,519873.14999999997,624680255.5000005
09:27:50 AM,879.9,0,0.0,624680255.5000005
09:27:50 AM,879.9,199,175100.1,624855355.6000005
09:27:51 AM,879.65,0,0.0,624855355.6000005
09:27:51 AM,879.9,1561,1373523.9,626228879.5000005
09:27:52 AM,879.65,0,0.0,626228879.5000005
09:27:52 AM,879.65,285,250700.25,626479579.7500005
09:27:53 AM,879.65,189,166253.85,626645833.6000005
09:27:54 AM,879.7,52,45744.4,626691578.0000005
09:27:55 AM,879.9,0,0.0,626691578.0000005
09:27:55 AM,879.85,88,77426.8,626769004.8000004
09:27:56 AM,879.9,0,0.0,626769004.8000004
09:27:56 AM,879.85,0,0.0,626769004.8000004
09:27:56 AM,879.9,283,249011.69999999998,627018016.5000005
09:27:57 AM,879.85,0,0.0,627018016.5000005
09:27:57 AM,879.8,512,450457.6,627468474.1000005
09:27:58 AM,880.0,1743,1533840.0,629002314.1000005
09:27:58 AM,879.85,0,0.0,629002314.1000005
09:27:58 AM,879.85,84,73907.40000000001,629076221.5000005
09:27:59 AM,880.15,6,5280.9,629081502.4000005
09:27:59 AM,879.9,0,0.0,629081502.4000005
09:27:59 AM,879.9,3,2639.7,629084142.1000005
09:27:59 AM,880.15,0,0.0,629084142.1000005
09:28:00 AM,879.85,1149,1010947.65,630095089.7500005
09:28:01 AM,879.8,456,401188.8,630496278.5500004
09:28:01 AM,880.15,0,0.0,630496278.5500004
09:28:01 AM,880.15,2,1760.3,630498038.8500004
09:28:02 AM,880.05,74,65123.7,630563162.5500004
09:28:03 AM,880.0,157,138160.0,630701322.5500004
09:28:03 AM,879.7,53,46624.100000000006,630747946.6500005
09:28:04 AM,879.7,50,43985.0,630791931.6500005
09:28:05 AM,879.85,1005,884249.25,631676180.9000005
09:28:05 AM,879.8,21,18475.8,631694656.7000004
09:28:06 AM,879.85,12,10558.2,631705214.9000005
09:28:06 AM,879.65,151,132827.15,631838042.0500004
09:28:07 AM,879.65,128,112595.2,631950637.2500005
09:28:07 AM,879.85,327,287710.95,632238348.2000005
09:28:08 AM,879.65,250,219912.5,632458260.7000005
09:28:08 AM,879.65,15,13194.75,632471455.4500005
09:28:08 AM,879.85,0,0.0,632471455.4500005
09:28:09 AM,879.65,26,22870.899999999998,632494326.3500005
09:28:10 AM,879.45,4643,4083286.35,636577612.7000005
09:28:11 AM,879.2,0,0.0,636577612.7000005
09:28:11 AM,879.1,1903,1672927.3,638250540.0000005
09:28:12 AM,879.2,0,0.0,638250540.0000005
09:28:12 AM,879.2,453,398277.60000000003,638648817.6000005
09:28:13 AM,879.2,304,267276.8,638916094.4000005
09:28:14 AM,879.35,0,0.0,638916094.4000005
09:28:14 AM,879.1,0,0.0,638916094.4000005
09:28:14 AM,879.1,223,196039.30000000002,639112133.7000004
09:28:15 AM,879.4,0,0.0,639112133.7000004
09:28:15 AM,879.4,16,14070.4,639126204.1000004
09:28:16 AM,879.1,0,0.0,639126204.1000004
09:28:16 AM,879.4,0,0.0,639126204.1000004
09:28:16 AM,879.05,5911,5196064.55,644322268.6500003
09:28:16 AM,878.65,7653,6724308.45,651046577.1000004
09:28:17 AM,878.9,0,0.0,651046577.1000004
09:28:17 AM,878.9,1089,957122.1,652003699.2000004
09:28:17 AM,878.85,130,114250.5,652117949.7000004
09:28:18 AM,878.5,0,0.0,652117949.7000004
09:28:18 AM,878.5,170,149345.0,652267294.7000004
09:28:18 AM,878.5,436,383026.0,652650320.7000004
09:28:19 AM,878.85,0,0.0,652650320.7000004
09:28:19 AM,878.85,2,1757.7,652652078.4000005
09:28:19 AM,878.55,16,14056.8,652666135.2000004
09:28:20 AM,878.75,0,0.0,652666135.2000004
09:28:20 AM,878.75,1884,1655565.0,654321700.2000004
09:28:20 AM,878.4,398,349603.2,654671303.4000005
09:28:21 AM,878.45,0,0.0,654671303.4000005
09:28:21 AM,878.75,0,0.0,654671303.4000005
09:28:21 AM,878.35,729,640317.15,655311620.5500004
09:28:21 AM,878.35,75,65876.25,655377496.8000004
09:28:22 AM,878.65,0,0.0,655377496.8000004
09:28:22 AM,878.65,35,30752.75,655408249.5500004
09:28:22 AM,878.6,50,43930.0,655452179.5500004
09:28:23 AM,878.35,0,0.0,655452179.5500004
09:28:23 AM,878.3,0,0.0,655452179.5500004
09:28:23 AM,878.3,22,19322.6,655471502.1500005
09:28:23 AM,878.3,67,58846.1,655530348.2500005
09:28:24 AM,878.35,0,0.0,655530348.2500005
09:28:24 AM,878.35,248,217830.80000000002,655748179.0500004
09:28:24 AM,878.3,133,116813.9,655864992.9500004
09:28:25 AM,878.6,0,0.0,655864992.9500004
09:28:25 AM,878.4,0,0.0,655864992.9500004
09:28:25 AM,878.6,800,702880.0,656567872.9500004
09:28:25 AM,878.4,31,27230.399999999998,656595103.3500004
09:28:26 AM,878.6,0,0.0,656595103.3500004
09:28:26 AM,878.7,0,0.0,656595103.3500004
09:28:26 AM,879.0,1286,1130394.0,657725497.3500004
09:28:27 AM,878.7,0,0.0,657725497.3500004
09:28:27 AM,878.7,420,369054.0,658094551.3500004
09:28:28 AM,878.65,270,237235.5,658331786.8500004
09:28:28 AM,878.7,70,61509.0,658393295.8500004
09:28:28 AM,878.7,50,43935.0,658437230.8500004
09:28:28 AM,878.65,30,26359.5,658463590.3500004
09:28:29 AM,879.2,427,375418.4,658839008.7500004
09:28:29 AM,879.2,30,26376.0,658865384.7500004
09:28:30 AM,879.2,270,237384.0,659102768.7500004
09:28:31 AM,879.1,0,0.0,659102768.7500004
09:28:31 AM,879.1,165,145051.5,659247820.2500004
09:28:31 AM,879.2,0,0.0,659247820.2500004
09:28:31 AM,879.2,133,116933.6,659364753.8500004
09:28:32 AM,879.2,51,44839.200000000004,659409593.0500004
09:28:33 AM,879.1,0,0.0,659409593.0500004
09:28:33 AM,879.1,54,47471.4,659457064.4500004
09:28:33 AM,879.1,3,2637.3,659459701.7500004
09:28:34 AM,879.2,0,0.0,659459701.7500004
09:28:34 AM,879.2,128,112537.6,659572239.3500004
09:28:35 AM,879.05,0,0.0,659572239.3500004
09:28:35 AM,879.05,57,50105.85,659622345.2000004
09:28:35 AM,879.2,0,0.0,659622345.2000004
09:28:35 AM,879.2,88,77369.6,659699714.8000004
09:28:36 AM,879.15,0,0.0,659699714.8000004
09:28:36 AM,879.4,102,89698.8,659789413.6000004
09:28:36 AM,879.4,25,21985.0,659811398.6000004
09:28:37 AM,879.05,0,0.0,659811398.6000004
09:28:37 AM,879.3,285,250600.5,660061999.1000004
09:28:37 AM,879.05,0,0.0,660061999.1000004
09:28:37 AM,879.05,40,35162.0,660097161.1000004
09:28:38 AM,879.1,0,0.0,660097161.1000004
09:28:38 AM,879.05,0,0.0,660097161.1000004
09:28:38 AM,879.05,13,11427.65,660108588.7500004
09:28:38 AM,879.05,92,80872.59999999999,660189461.3500004
09:28:39 AM,879.1,0,0.0,660189461.3500004
09:28:39 AM,879.45,0,0.0,660189461.3500004
09:28:39 AM,879.45,22,19347.9,660208809.2500004
09:28:40 AM,879.4,0,0.0,660208809.2500004
09:28:40 AM,879.3,0,0.0,660208809.2500004
09:28:40 AM,879.45,226,198755.7,660407564.9500004
09:28:41 AM,879.1,0,0.0,660407564.9500004
09:28:41 AM,879.1,155,136260.5,660543825.4500004
09:28:41 AM,879.45,55,48369.75,660592195.2000004
09:28:42 AM,879.4,0,0.0,660592195.2000004
09:28:42 AM,879.4,110,96734.0,660688929.2000004
09:28:42 AM,879.1,52,45713.200000000004,660734642.4000005
09:28:43 AM,879.3,0,0.0,660734642.4000005
09:28:43 AM,879.3,28,24620.399999999998,660759262.8000004
09:28:43 AM,879.3,55,48361.5,660807624.3000004
09:28:44 AM,879.0,0,0.0,660807624.3000004
09:28:44 AM,879.3,297,261152.09999999998,661068776.4000005
09:28:45 AM,879.3,3,2637.8999999999996,661071414.3000004
09:28:45 AM,879.1,0,0.0,661071414.3000004
09:28:45 AM,879.1,80,70328.0,661141742.3000004
09:28:46 AM,879.25,0,0.0,661141742.3000004
09:28:46 AM,879.25,43,37807.75,661179550.0500004
09:28:46 AM,879.1,0,0.0,661179550.0500004
09:28:46 AM,879.0,314,276006.0,661455556.0500004
09:28:47 AM,879.3,0,0.0,661455556.0500004
09:28:47 AM,879.3,31,27258.3,661482814.3500004
09:28:47 AM,879.1,7,6153.7,661488968.0500004
09:28:48 AM,879.3,0,0.0,661488968.0500004
09:28:48 AM,879.3,255,224221.5,661713189.5500004
09:28:48 AM,879.1,16,14065.6,661727255.1500005
09:28:49 AM,879.25,0,0.0,661727255.1500005
09:28:49 AM,879.25,67,58909.75,661786164.9000005
09:28:49 AM,879.3,15,13189.5,661799354.4000005
